@DocuShare{RDO-013,
  author = {Robert Blum and the Rubin Operations Team},
  title = "{Vera C. Rubin Observatory
Data Policy}",
  year = {2020},
  month =        sep,
  handle = {RDO-013}
}
@DocuShare{Agreement-51,
  author = {LSST},
  title = "{Memorandum of Agreement regarding collaboration in the scientific exploitation of data acquired with LSST by specified Principal Investigators and scientists at IN2P3}",
  year = {2015},
  month =        mar,
  handle = {Agreement-51}
}

@DocuShare{Document-1386,
  author =       {Jacek Becla},
  title =        "{Database Ingest Tests}",
  year =         2006,
  month =        mar,
  handle =       {Document-1386},
}



@DocuShare{Document-5356,
  author =       {Tim Axelrod and Robyn Allsman and Jeff Kantor and Jon Myers and
                  Francesco Pierfederici and Serge Monkewicz and Greg Daues and
                  David Gehrig and Steve Pietrowicz and Raymond Plante and
                  Jacek Becla and Kian-Tat Lim and Andrew Becker and Lynne Jones and
                  Russell Owen and Nicole Silvestri and Robert H. Lupton and
                  Jeff Bartels and Phil Pinto and Jeff Kantor and
                  Michael Strauss and Don Sweeney},
  title =        "{LSST Data Challenge 2}",
  year =         2008,
  month =        apr,
  handle =       {Document-5356},
}

@DocuShare{Document-5373,
  author =       {Phil Pinto and Jeff Kantor and Michael Strauss and Don Sweeney},
  title =        "{Data Access White Paper}",
  year =         2008,
  month =        apr,
  handle =       {Document-5373},
}

@DocuShare{Document-7025,
  author =       {Jeff Kantor and Victor Krabbendam},
  title =        "{DM Risk Register}",
  year =         2011,
  month =        aug,
  handle =       {Document-7025},
}

@DocuShare{Document-8256,
  author =       {Jacek Becla},
  title =        "{Evaluation of Database Solutions}",
  year =         2009,
  month =        nov,
  handle =       {Document-8256},
}

@DocuShare{Document-8590,
  author =       {Andrew Rasmussen},
  title =        "{Sensor Modeling for the LSST Camera Focal Plane: Current Status of SLAC Originated Code}",
  year =         2015,
  month =        jul,
  handle =       {Document-8590},
}

@DocuShare{Document-9044,
  author =       {Jeff Kantor and Tim Axelrod and Robyn Allsman
                  and Mike Freemon and K-T Lim},
  title =        "{Data Challenge 3b Overview}",
  year =         2010,
  month =        mar,
  handle =       {Document-9044},
}

@DocuShare{Document-9224,
  author =       {George Angeli and Robert McKercher},
  title =        "{Change Controlled Document Cover Page and Style Guide}",
  year =         2013,
  month =        oct,
  handle =       {Document-9224},
}

@DocuShare{Document-9541,
  author =       {Ray Plante and Robyn Allsman and Tim Axelrood and Jacek Becla
                  and Cristina Beldica and Greg Daues and Jeff Kantor and Jonathan Myers
                  and Russell Owen and Steve Pietrowicz},
  title =        "{Results from Data Challenge 1}",
  year =         2010,
  month =        jul,
  handle =       {Document-9541},
}


@DocuShare{Document-10548,
  author = {William S. Smith and Steven M.  Kahn and Donald W Sweeney and J. Anthony Tyson and Sidney C Wolff  },
   title = "{Fastlane Proposal for Construction of the Large Synoptic Survey Telescope}",
    year = 2011,
   month = feb,
  handle = {Document-10548},
}

@DocuShare{Document-10549,
  author =       {Sidney C. Wolff and Steven M. Kahn and Victor L. Krabbendam
                  and Donald W. Sweeney and J. Anthony Tyson},
  title =        "{Proposal to the National Science Foundation}",
  year =         2011,
  month =        feb,
  handle =       {Document-10549},
}

@DocuShare{Document-10762,
  author =       {Richard Shaw and Michael Strauss},
  title =        "{LSST Data Challenge Handbook Version 1.1}",
  year =         2011,
  month =        aug,
  handle =       {Document-10762},
}

@DocuShare{Document-10963,
  author =       {Zhaoming Ma and others},
  title =        {{Science White Paper for LSST Deep-Drilling Field Observations: Using LSST Deep Drilling Fields to Improve Weak Lensing Measurements}},
  year =         2011,
  handle = {Document-10963},
}

@DocuShare{Document-11013,
  author =       {Becker, A. and others},
  title =        {{Science White Paper for LSST Deep-Drilling Field Observations Opportunities for Solar System Science}},
  year =         2011,
  handle = {Document-11013},
}

@DocuShare{Document-11019,
  author =       {Arlin Crotts},
  title =        {{Standard Candle Relations and Photo-diversity of Type Ia Supernovae}},
  year =         2011,
  handle = {Document-11019},
}

@DocuShare{Document-11622,
  author =       {William Smith and Victor Perez Vera},
  title =        {Supplementary and Clarifying Agreement between the Universidad de Chile and AURA covering the use of the LSST on Cerro Pachon},
  year =         2011,
  handle =       {Document-11622},
}

@DocuShare{Document-11624,
  author =       {{LSST Science Council}},
  title =        "{Optimization of LSST Deployment Parameters}",
  year =         2011,
  month =        jul,
  handle =       {Document-11624},
}

@DocuShare{Document-11625,
  author =       {Jacek Becla and K-T Lim and Daniel Wang},
  title =        "{Database Architecture}",
  year =         2011,
  month =        jul,
  handle =       {Document-11625},
}

@DocuShare{Document-11701,
  author =       {Jacek Becla and Kian-Tat Lim and Daniel Wang},
  title =        "{Evaluation of Solid State Disks}",
  year =         2011,
  month =        jul,
  handle =       {Document-11701},
}

@DocuShare{Document-11920,
  author =       {George Angeli and Robert McKercher},
  title =        "{Document Cover Page and Style Guide}",
  year =         2013,
  month =        oct,
  handle =       {Document-11920},
}

@DocuShare{Document-13380,
  author =       {Sidney Wolff and Steven Kahn},
  title =        "{Data Rights and Data Management Policy}",
  year =         2013,
  month =        aug,
  handle =       {Document-13380},
}

@DocuShare{Document-13760,
  author =       {Erin Carlson},
  title =        "{Travel Request Instructions for AURA Employees}",
  year =         2017,
  month =        jan,
  handle =       {Document-13760},
}

@DocuShare{Document-13762,
  author =       {Erin Carlson},
  title =        "{LSST Travel Summary Report Template}",
  year =         2017,
  month =        may,
  handle =       {Document-13762},
}

@DocuShare{Document-15077,
  author =        {Sidney Wolff},
  title =         "{LSST Project Overview}",
  year =          2013,
  month=          sep,
  handle =        {Document-15077},
}

@DocuShare{Document-15097,
  author =       {K-T Lim},
  title =        "{LSST Data Challenge Report: Summer 2013}",
  year =         2013,
  month =        sep,
  handle =       {Document-15097},
}

@DocuShare{Document-15125,
  author =       {Peter Yoachim and Lynne Jones and {\v
                  Z}. {Ivezi{\'c}} and Tim Axelrod},
  title =        "{Photometric Self Calibration Design and Prototype}",
  year =         2013,
  month =        oct,
  handle =       {Document-15125},
}

@DocuShare{Document-15286,
  author =       {Richard A. Shaw},
  title =        "{LSST Data Challenge Handbook: Summer 2012 Data Release}",
  year =         2012,
  month =        aug,
  handle =       {Document-15286},
}

@DocuShare{Document-15298,
  author =       {J. Bosch and P. Gee and R. Owen and M. Juri\'c},
  title =        "{LSST DM S13 Report: Shapre Measurement Plans and Prototypes}",
  year =         2013,
  month =        oct,
  handle =       {Document-15298},
}

@DocuShare{Document-15299,
  author =       {Richard A. Shaw},
  title =        "{LSST Data Challenge Handbook: Winter 2013 Early Data Release}",
  year =         2013,
  month =        jan,
  handle =       {Document-15299},
}

@DocuShare{Document-16168,
  author =       {{LSST Systems Engineering}},
  title =        "{{LSST Key System Parameters Summary}}",
  year =         2014,
  month =        jan,
  handle =       {Document-16168},
}

@DocuShare{Document-26217,
  author =       {Jeff Kantor},
  title =        "{Data Challenge 3b Performance Test 1.1}",
  year =         2010,
  month =        aug,
  handle =       {Document-26217},
}

@DocuShare{Document-26273,
  author =       {Brian Selvy},
  title =        "{Risk \& Opportunity Management Report May 2017}",
  year =         2017,
  month =        jul,
  handle =       {Document-26273},
}

@DocuShare{Document-26952,
  author =       {{Science Working Group of the LSST} and Michael A. Strauss},
  title =        "{Towards a Design Reference Mission for the Large Synoptic Survey Telescope}",
  year =         2004,
  month =        jun,
  handle =       {Document-26952},
}

@DocuShare{Document-26276,
  author =       {Jacek Becla and K-T Lim and Daniel Wang},
  title =        "{Scalable Partitioning}",
  year =         2013,
  month =        feb,
  handle =       {Document-26276},
}

@DocuShare{Document-27758,
  author =       {{\v Z}. {Ivezi{\'c}} and {LSST Project Science Team}},
  title =        "{On the choice of LSST flux units}",
  year =         2018,
  month =        feb,
  handle =       {Document-27758},
}

@DocuShare{Document-28449,
  author =       {F. Delgado},
  title =        "{Project Response to Telescope \& Site Software Review Report 2018-02}",
  year =         2018,
  month =        may,
  handle =       {Document-28449},
}

@DocuShare{Document-28547,
  author =       {J. Kantor},
  title =        "{LSST Network Bandwidth Tests between Chile and the United States }",
  year =         2018,
  month =        jun,
  handle =       {Document-28547},
}

@DocuShare{Document-28973,
  author =       {R. Gill},
  title =        "{LSST MEETINGS CODE OF CONDUCT}",
  year =         2018,
  month =        jul,
  handle =       {Document-28973},
}

@DocuShare{Document-24920,
  author =       {R. Gill},
  title =        "{LSST COMMUNICATIONS CODE OF CONDUCT}",
  year =         2018,
  month =        jul,
  handle =       {Document-24920}
}

@DocuShare{Document-31100,
  author =       {J. Ross Thomson},
  title =        "{LSST Benchmarkin of Qserv and BigQuery}",
  year =         2019,
  month =        jan,
  handle =       {Document-31100}
}

@DocuShare{Document-32503,
  author =       {Kian-Tat Lim and Review Committee},
  title =        "{Identity Management Review Report}",
  year =         2019,
  month =        apr,
  handle =       {Document-32503}
}

@DocuShare{Document-35896,
  author =       {Federica Bianco and  SCs coordinator and  TVS SC},
  title =        "{MEMO on the impact of delays in pixel-level data access}",
  year =         2020,
  month =        may,
  handle =       {Document-35896}
}

@DocuShare{LCA-227,
  author =       {Martin Nordby and Nadine Kurita and Frank O'Neill and Darren Marsh},
  title =        "{LSST Camera Quality Implementation Plan}",
  year =         2014,
  month =        sep,
  handle =       {LCA-227},
}

@DocuShare{LDM-17,
  author =       {Tim Axelrod and others},
  title =        "{LSST Data Challenge 3a Final Report}",
  year =         2009,
  month =        aug,
  handle =       {LDM-17},
}

@DocuShare{LDM-129,
  author =       {Don Petravick and Margaret Johnson and Michelle Butler},
  title =        "{LSST Data Facility Logical Information Technology and
                   Communications Design}",
  year =         2018,
  month =        jul,
  handle =       {LDM-129},
}

@DocuShare{LDM-130,
  author =       {Unknown},
  title =        "{LSST Science User Interface and Tools Requirements}",
  institution =  {IPAC},
  year =         2017,
  month =        sep,
  handle =       {LDM-130},
}

@DocuShare{LDM-131,
  author =       {Schuyler {van Dyk} and Deborah Levine},
  title =        {Science User Interface and Science User Tools
                  Conceptual Design},
  year =         2013,
  month =        oct,
  handle =       {LDM-131},
}

@DocuShare{LDM-133,
  author =       {Mario Juri\'c and Kian-Tat Lim and Jeff Kantor},
  title =        "{Data Management UML Domain Model}",
  year =         2013,
  month =        oct,
  handle =       {LDM-133},
}

@DocuShare{LDM-134,
  author =       {Mario Juri\'c and Robyn Allsman and Jeff Kantor},
  title =        "{Data Management Applications UML Use Case Model}",
  year =         2013,
  month =        oct,
  handle =       {LDM-134},
}

@DocuShare{LDM-135,
  author =       {Jacek Becla and Daniel Wang and Serge Monkewitz and
                  K-T Lim and Douglas Smith and Bill Chickering and
                  Michael Kelsey and Fritz Mueller},
  title =        "{Data Management Database Design}",
  year =         2017,
  month =        jul,
  handle =       {LDM-135},
}

@DocuShare{LDM-138,
  author =       {Jeff Kantor and Tim Axelrod and Kian-Tat Lim},
  title =        "{Data Management Compute Sizing Model}",
  year =         2013,
  month =        oct,
  handle =       {LDM-138},
}

@DocuShare{LDM-139,
  author =       {Jacek Becla and K.-T. Lim},
  title =        {Data Management Storage Sizing and I/O Model
                  Explanation},
  year =         2013,
  month =        oct,
  handle =       {LDM-139},
}

@DocuShare{LDM-140,
  author =       {Kian-Tat Lim and Chris Smith and Tim Axelrod and
                  Gregory Dubois-Felsmann and Mike Freemon},
  title =        "{Data Management Compute Sizing Explanation}",
  year =         2013,
  month =        oct,
  handle =       {LDM-140},
}

@DocuShare{LDM-141,
  author =       {Jacek Becla and K.-T. Lim},
  title =        "{Data Management Storage Sizing and I/O Model}",
  year =         2013,
  month =        oct,
  handle =       {LDM-141},
}

@DocuShare{LDM-142,
  author =       {Jeff Kantor},
  title =        "{Network Sizing Model}",
  year =         2017,
  month =        jan,
  handle =       {LDM-142},
}

@DocuShare{LDM-143,
  author =       {Mike Freemon and Steve Pietrowicz},
  title =        "{Site Specific Infrastructure Estimation Explanation}",
  year =         2013,
  month =        oct,
  handle =       {LDM-143},
}

@DocuShare{LDM-144,
  author =       {Mike Freemon and Steve Pietrowicz and Jason Alt},
  title =        "{Site Specific Infrastructure Estimation Model}",
  year =         2016,
  month =        jan,
  handle =       {LDM-144},
}

@DocuShare{LDM-146,
  author =       {Kian-Tat Lim and Robyn Allsman and Jeff Kantor},
  title =        {Data Management Middleware UML Use Case and Activity
                  Model},
  year =         2013,
  month =        oct,
  handle =       {LDM-146},
}

@DocuShare{LDM-148,
  author =       {K.-T. Lim and J. Bosch and G. Dubois-Felsmann and T. Jenness
                  and J. Kantor and W. O'Mullane and D. Petravick and
                  {The DM Leadership Team}},
  title =        "{Data Management System Design}",
  year =         2018,
  month =        jul,
  handle =       {LDM-148},
}

@DocuShare{LDM-151,
  author =       {John D. Swinbank and others},
  title =        "{Data Management Science Pipelines Design}",
  year =         2017,
  month =        may,
  handle =       {LDM-151},
}

@DocuShare{LDM-152,
  author =       {Kian-Tat Lim and Gregory Dubois-Felsmann and M. Johnson
                  and M. Juri\'c and D. Petravick},
  title =        "{Data Management Middleware Design}",
  year =         2017,
  month =        jul,
  handle =       {LDM-152},
}

@DocuShare{LDM-153,
  author =      {J. Becla},
  title =       "{LSST Database Baseline Schema}",
  year =        2013,
  handle =      {LDM-153},
}

@DocuShare{LDM-156,
  author =       {Jonathan Myers and Lynne Jones and Tim Axelrod},
  title =        "{Moving Object Pipeline System Design}",
  year =         2013,
  month =        oct,
  handle =       {LDM-156},
}

@DocuShare{LDM-226,
  author =       {Richard A. Shaw and Mario Juri\'c and Andrew Becker and
                  K. Simon Krughoff and K-T Lim and Yusra Al Sayyad and
                  Jacek Becla and Robin Allsman and Tim Axelrod and
                  Steve Bickerton and James Bosch and Andrew Connolly and
                  Gregory E. Daues and Scott Daniel and
                  Gregory P. Dubois-Felsmann and Mike Freemon and Perry Gee and
                  William Glick and Steve Groom and Mike Jarvis and Jeff Kantor and
                  Dustin Lang and Ron Lambert and Robert Lupton and
                  Serge Monkewitz and Knut Olsen and Russell Owen and
                  Steve Pietrowicz and Raymond Plante and Paul Price and
                  Douglas Smith and Schuyler Van Dyk and Daniel Wang},
  title =        "{LSST Data Challenge Report: Summer 2012/early-Winter 2013}",
  year =         2013,
  month =        apr,
  handle =       {LDM-226},
}

@DocuShare{LDM-227,
  author =       {Andrew Becker and Simon Krughoff and Andrew Connolly and
                  Russell Owen and Paul Price and Robert Lupton and Dustin Lang and
                  Jim Bosch and Robyn Allsman and Yusra Al Sayyad and Jacek Becla and
                  Steve Bickerton and Scott Daniel and Greg Daues and
                  Gregory Dubois-Felsmann and Mike Freemon and Perry Gee and
                  Bill Glick and Steve Groom and Mario Juri\'c and Jeff Kantor and
                  Ron Lambert and Kian-Tat Lim and Bruce Mather and Serge Monkewitz and
                  Knut Olsen and Steve Pietrowicz and Ray Plante and Dick Shaw and
                  Douglas Smith and Schuyler Van Dyk and Daniel Wang},
  title =        "{Report on Late Winter2013 Production: Image Differencing}",
  year =         2013,
  month =        apr,
  handle =       {LDM-227},
}

@DocuShare{LDM-230,
  author =       {D. Petravick and M. Butler and M. Gelman},
  title =        "{Concept of Operations for the LSST Data Facility Services}",
  year =         2018,
  month =        jul,
  handle =       {LDM-230},
}

@DocuShare{LDM-240,
  author =       {Jeff Kantor and Mario Juri\'c and Kian-Tat Lim},
  title =        "{Data Management Releases}",
  year =         2016,
  month =        feb,
  handle =       {LDM-240},
}

@DocuShare{LDM-294,
  author =       {William O'Mullane and John Swinbank and Mario Juri\'c
                  and {DMLT}},
  title =        "{Data Management Organization and Management}",
  year =         2018,
  month =        jun,
  handle =       {LDM-294},
}

@DocuShare{LDM-324,
  author =       {Jeff Kantor},
  title =        "{Data Management Information Security Plan}",
  year =         2016,
  month =        mar,
  handle =       {LDM-324},
}

@DocuShare{LDM-463,
  author =       {Jacek Becla and Nate Pease},
  title =        "{Data Access Design}",
  year =         2017,
  month =        apr,
  handle =       {LDM-463},
}

@DocuShare{LDM-472,
  author =       {Jacek Becla and Frossie Economou and Fritz Mueller and
                  Margaret Johnson and K. Simon Krughoff and K-T Lim and
                  John Swinbank and Xiuqin Wu},
  title =        "{LSST DM Project Management and Tools}",
  year =         2017,
  month =        feb,
  handle =       {LDM-472},
}

@DocuShare{LDM-482,
  author =       {David Ciardi and Gregory Dubois-Felsmann},
  title =        "{Data Access Policy for the Data Management Prototype DAC}",
  year =         2016,
  month =        aug,
  handle =       {LDM-482},
}

@DocuShare{LDM-492,
  author =       {David R. Ciardi and Xiuqin Wu and Gregory
                  Dubois-Felsmann},
  title =        "{A Vision for the Science User Interface and Tools}",
  institution =  {IPAC},
  year =         2016,
  month =        sep,
  handle =       {LDM-492},
}

@DocuShare{LDM-493,
  author =       {Jonathan Sick},
  title =        "{Data Management Documentation Architecture}",
  year =         2016,
  month =        nov,
  handle =       {LDM-493},
}

@DocuShare{LDM-502,
  author =       {David Nidever and Frossie Economou},
  title =        "{The Measurement and Verification of DM Key Performance Metrics}",
  year =         2016,
  month =        may,
  handle =       {LDM-502},
}

@DocuShare{LDM-503,
  author =       {William O'Mullane and John Swinbank and Mario Juri\'c and Frossie
                  Economou},
  title =        "{Data Management Test Plan}",
  year =         2018,
  month =        jun,
  handle =       {LDM-503},
}

@DocuShare{LDM-512,
  author =       {Tim Jenness and William O'Mullane},
  title =        "{Data Management Risk Assessment Process}",
  year =         2017,
  month =        apr,
  handle =       {LDM-512},
}

@DocuShare{LDM-513,
  author =       {Jim Bosch},
  title =        "{Proposal for Deblender Outputs as Level 2 Data Products}",
  year =         2017,
  month =        apr,
  handle =       {LDM-513},
}

@DocuShare{LDM-522,
  author =       {Frossie Economou and Michael Wood-Vasey},
  title =        "{DM Science Quality Data Assurance System Conceptual Design}",
  year =         2017,
  month =        may,
  handle =       {LDM-522},
}

@DocuShare{LDM-523,
  author =       {C. T. Slater and R. L. Jones and E. Bellm and M. Juri\'c},
  title =        "{Impact of a Heterogeneous Focal Plane on LSST Image Differencing}",
  year =         2017,
  month =        may,
  handle =       {LDM-523},
}

@DocuShare{LDM-532,
  author =       {Unknown},
  title =        "{NCSA Enclave Test Specification}",
  year =         2017,
  month =        jun,
  handle =       {LDM-532},
}

@DocuShare{LDM-533,
  author =       {Eric C. Bellm},
  title =        "{Level 1 System Software Test Specification}",
  year =         2017,
  month =        jun,
  handle =       {LDM-533},
}

@DocuShare{LDM-534,
  author =       {John D. Swinbank},
  title =        "{Level 2 System Software Test Specification}",
  year =         2017,
  month =        jun,
  handle =       {LDM-534},
}

@DocuShare{LDM-535,
  author =       {Unknown},
  title =        "{Data Backbone Test Specification}",
  year =         2017,
  month =        jun,
  handle =       {LDM-535},
}

@DocuShare{LDM-536,
  author =       {Unknown},
  title =        "{Data Backbone Data Services Test Specification}",
  year =         2017,
  month =        jun,
  handle =       {LDM-536},
}

@DocuShare{LDM-537,
  author =       {Unknown},
  title =        "{Data Backbone Infrastructure Test Specification}",
  year =         2017,
  month =        jun,
  handle =       {LDM-537},
}

@DocuShare{LDM-538,
  author =       {Michelle Butler and Jim Parsons and Michelle Gower},
  title =        "{Raw Image Archiving Service Test Specification}",
  year =         2018,
  month =        jun,
  handle =       {LDM-538},
}

@DocuShare{LDM-539,
  author =       {Unknown},
  title =        "{Data Access Center Enclave Test Specification}",
  year =         2017,
  month =        jun,
  handle =       {LDM-539},
}

@DocuShare{LDM-540,
  author =       {Gregory Dubois-Felsmann},
  title =        "{LSST Science Platform Test Specification}",
  year =         2018,
  month =        may,
  handle =       {LDM-540},
}

@DocuShare{LDM-541,
  author =       {Unknown},
  title =        "{Commissioning Cluster Enclave Test Specification}",
  year =         2017,
  month =        jun,
  handle =       {LDM-541},
}

@DocuShare{LDM-542,
  author =       {Gregory Dubois-Felsmann and Kian-Tat Lim and Xiuqin Wu and Frossie Economou and Fritz Mueller and Brian Van Klaveren and Kenny Lo},
  title =        "{LSST Science Platform Design}",
  year =         2017,
  month =        jun,
  handle =       {LDM-542},
}

@DocuShare{LDM-552,
  author =       {Fritz Mueller},
  title =        "{Qserv Software Test Specification}",
  year =         2017,
  month =        jun,
  handle =       {LDM-552},
}

@DocuShare{LDM-553,
  author =       {William O'Mullane and John D. Swinbank and Mario Juri\'c and {DMLT}},
  title =        "{Evolution of the Data Management Plan and Organization}",
  year =         2017,
  month =        jun,
  handle =       {LDM-553},
}

@DocuShare{LDM-554,
  author =       {Gregory Dubois-Felsmann and David Ciardi and Fritz Mueller
                  and Frossie Economou},
  title =        "{Science Platform Requirements}",
  year =         2018,
  month =        jun,
  handle =       {LDM-554},
}

@DocuShare{LDM-555,
  author =       {Jacek Becla},
  title =        "{Data Management Database Requirements}",
  year =         2017,
  month =        jun,
  handle =       {LDM-555},
}

@DocuShare{LDM-556,
  author =       {Gregory Dubois-Felsmann and Tim Jenness and Jim Bosch
                  and Michelle Gower and Simon Krughoff and Russell Owen
                  and Pim Schellart and Brian {van Klaveren}},
  title =        "{Data Management Middleware Requirements}",
  year =         2018,
  month =        may,
  handle =       {LDM-556},
}

@DocuShare{LDM-562,
  author =       {Jim Bosch},
  title =        "{Data Management System Level 2 System Requirements}",
  year =         2017,
  month =        nov,
  handle =       {LDM-562},
}

@DocuShare{LDM-563,
  author =       {William O'Mullane and Tim Jenness},
  title =        "{Butler Working Group Charge}",
  year =         2017,
  month =        aug,
  handle =       {LDM-563},
}

@DocuShare{LDM-564,
  author =       {William O'Mullane and Frossie Economou and Tim Jenness and Andrew Loftus},
  title =        "{Data Management Software Releases for Verification/Integration}",
  year =         2018,
  month =        jun,
  handle =       {LDM-564},
}

@DocuShare{LDM-572,
  author =       {William O'Mullane and Donald Petravick},
  title =        "{Chilean Data Access Center}",
  year =         2017,
  month =        nov,
  handle =       {LDM-572},
}

@DocuShare{LDM-582,
  author =       {Mario Juric and Robert Gruendl},
  title =        "{Lossy Compression Working Group Charge}",
  year =         2017,
  month =        oct,
  handle =       {LDM-582},
}

@DocuShare{LDM-592,
  author =       {Tim Jenness and Jim Bosch and Michelle Gower and
                  Simon Krughoff and Russell Owen and Pim Schellart and
                  Brian {van Klaveren} and Dominique Boutigny},
  title =        "{Data Access Use Cases}",
  year =         2017,
  month =        nov,
  handle =       {LDM-592},
}

@DocuShare{LDM-612,
  author =       {Eric Bellm and Robert Blum and Melissa Graham and Leanne Guy and {\v Z}eljko {Ivezi{\'c}} and William O’Mullane and Maria Patterson and John Swinbank and Beth Willman},
  title =        "{Plans and Policies for LSST Alert Distribution}",
  year =         2019,
  month =        jan,
  handle =       {LDM-612},
}


@DocuShare{LDM-622,
  author =       {John Swinbank},
  title =        "{Data Management QA Strategy Working Group Charge}",
  year =         2018,
  month =        apr,
  handle =       {LDM-622},
}

@DocuShare{LDM-633,
  author =       {Mikolaj Kowalik and Michelle Gower and Rob Kooper},
  title =        "{Offline Batch Production Services Use Cases}",
  year =         2019,
  month =        mar,
  handle =       {LDM-633},
}

@DocuShare{LDM-635,
  author =       {Michelle Gower and Michelle Butler and Kian-Tat Lim},
  title =        "{Data Management Data Backbone Services Requirements}",
  year =         2018,
  month =        jun,
  handle =       {LDM-635},
}

@DocuShare{LDM-636,
  author =       {Mikolaj Kowalik and Michelle Gower and Rob Kooper},
  title =        "{Batch Production Service Requirements}",
  year =         2019,
  month =        mar,
  handle =       {LDM-636},
}

@DocuShare{LDM-639,
  author =      {L. Guy},
  title =       "{DM Acceptance Test Specification}",
  year =        2018,
  month =       jun,
  handle =      {LDM-639},
}

@DocuShare{LDM-643,
  author =      {M.~Johnson and R.A.~Gruendl},
  title =       "{Proposed DM OPS Rehearsals}",
  year =        2019,
  month =       mar,
  handle =      {LDM-643},
}

@DocuShare{LDM-672,
   author = {G. Comoretto and L. Guy},
    title = {LSST Software Release Management Policy},
     year = 2019,
    month = jul,
   handle = {LDM-672},
      url = {http://LDM-672.lsst.io } }

@DocuShare{LDM-682,
  author =       {Eric Bellm and Robert Blum and Melissa Graham and Leanne Guy and {\v Z}eljko {Ivezi{\'c}} and William O’Mullane and John Swinbank},
  title =        "{Call for Letters of Intent for Community Alert Brokers}",
  year =         2019,
  month =        feb,
  handle =       {LDM-682},
}

@DocuShare{LDM-692,
   author = {Gabriele Comoretto},
    title = {DM Verification Control Document},
     year = 2019,
    month = jun,
   handle = {LDM-692},
      url = {http://lm-692.lsst.io } }

@DocuShare{LDM-702,
  author =       {William O'Mullane},
  title =        "{Image display working group charge}",
  year =         2019,
  month =        jun,
  handle =       {LDM-702},
}

@DocuShare{LDM-723,
  author =       {Eric Bellm and Robert Blum and Melissa Graham and Leanne Guy and {\v Z}eljko {Ivezi{\'c}} and William O’Mullane and John Swinbank},
  title =        "{Call for Proposals for Community Alert Brokers}",
  year =         2019,
  month =        dec,
  handle =       {LDM-723},
}

@DocuShare{LPM-17,
  author =       {{\v Z}. {Ivezi{\'c}} and {The LSST Science
                  Collaboration}},
  title =        "{LSST Science Requirements Document}",
  year =         2018,
  month =        jan,
  handle =       {LPM-17},
}

@DocuShare{LPM-18,
  author =       {Chuck Gessner and Victor Krabbendam },
  title =        "{Safety Policy}",
  year =         2014,
  month =        nov,
  handle =       {LPM-18},
}

@DocuShare{LPM-19,
  author =       {George Angeli and Robert McKercher},
  title =        "{Change Control Process}",
  year =         2015,
  month =        dec,
  handle =       {LPM-19},
}

@DocuShare{LPM-20,
  author =       {Victor Krabbendam and Brian Selvy},
  title =        "{Risk \& Opportunity Management Plan}",
  year =         2015,
  month =        aug,
  handle =       {LPM-20},
}

@DocuShare{LPM-43,
  author =       {Robert McKercher},
  title =        "{WBS Structure}",
  year =         2016,
  month =        jul,
  handle =       {LPM-43},
}

@DocuShare{LPM-44,
  author =       {Robert McKercher},
  title =        "{WBS Dictionary}",
  year =         2016,
  month =        jul,
  handle =       {LPM-44},
}

@DocuShare{LPM-51,
  author =       {Robert McKercher},
  title =        "{Document Management Plan}",
  year =         2013,
  month =        aug,
  handle =       {LPM-51},
}

@DocuShare{LPM-55,
  author =       {Donald Sweeney and Robert McKercher},
  title =        "{Project Quality Assurance Plan}",
  year =         2013,
  month =        aug,
  handle =       {LPM-55},
}

@DocuShare{LPM-72,
  author =       {Victor Krabbendam},
  title =        "{Scope Options}",
  year =         2015,
  month =        oct,
  handle =       {LPM-72},
}

@DocuShare{LPM-73,
  author =       {Sidney Wolff},
  title =        "{Operations Plan}",
  year =         2013,
  month =        oct,
  handle =       {LPM-73},
}

@DocuShare{LPM-81,
  author =       {Jeff Kantor and Victor Krabbendam},
  title =        "{Cost Estimating Plan}",
  year =         2015,
  month =        aug,
  handle =       {LPM-81},
}

@DocuShare{LPM-98,
  author =       {Kevin E. Long},
  title =        "{LSST Project Controls System Description}",
  year =         2016,
  month =        dec,
  handle =       {LPM-98},
}

@DocuShare{LPM-121,
  author =       {Donald L. Petravick and Alexander Withers},
  title =        "{LSST Master Information Security Policy}",
  year =         2016,
  month =        sep,
  handle =       {LPM-121},
}

@DocuShare{LPM-122,
  author =       {Donald Petravick},
  title =        "{LSST Information Classification Policy}",
  year =         2015,
  month =        aug,
  handle =       {LPM-122},
}

@DocuShare{LPM-123,
  author =       {Donald Petravick},
  title =        "{ LSST General Acceptable Use Policy  }",
  year =         2017,
  month =        oct,
  handle =       {LPM-123},
}

@DocuShare{LPM-162,
  author =       {{Project Science Team}},
  title =        "{Project Publication Policy}",
  year =         2015,
  month =        aug,
  handle =       {LPM-162},
}

@DocuShare{LPM-191,
  author =       {Daniel Calabrese},
  title =        "{Travel Policy}",
  year =         2017,
  month =        may,
  handle =       {LPM-191},
}

@DocuShare{LPM-221,
  author =       {William O'Mullane and Beth Willman},
  title =        "{Charge for LSST Data Access Policy Working Group}",
  year =         2017,
  month =        nov,
  handle =       {LPM-221},
}

@DocuShare{LPM-231,
  author =       {G. P. Dubois-Felsmann and Z. Ivezic and M. Juric},
  title =        "{LSST Data Product Categories}",
  year =         2018,
  month =        jan,
  handle =       {LPM-231},
}

@DocuShare{LPM-251,
  author =       {William O'Mullane and  Beth Willman and  Melissa Graham},
  title =        "{Policy for Independent Data Access Centers}",
  year =         2018,
  month =        Jun,
  handle =       {LPM-251},
}

@DocuShare{LSE-16,
  author =       {Robyn Allsman and Gregory Dubois-Felsmann and Jeff Kantor},
  title =        "{LSST Software Development Plan}",
  year =         2009,
  month =        may,
  handle =       {LSE-16},
}

@DocuShare{LSE-17,
  author =       {Charles Claver and George Angeli and Brian Selvy},
  title =        "{Systems Engineering Management Plan}",
  year =         2016,
  month =        jan,
  handle =       {LSE-17},
}

@DocuShare{LSE-29,
  author =       {Charles F. Claver and {The LSST Systems Engineering
                  Integrated Project Team}},
  title =        "{LSST System Requirements (LSR)}",
  year =         2017,
  month =        sep,
  handle =       {LSE-29},
}

@DocuShare{LSE-30,
  author =       {Charles F. Claver and {The LSST Systems Engineering
                  Integrated Project Team}},
  title =        "{Observatory System Specifications (OSS)}",
  year =         2018,
  month =        jan,
  handle =       {LSE-30},
}

@DocuShare{LSE-39,
  author =       {Chuck Claver and Gregory Dubois-Felsmann},
  title =        "{LSST Document Tree}",
  year =         2010,
  month =        mar,
  handle =       {LSE-39},
}

@DocuShare{LSE-60,
  author =       {Jacques Sebag and Victor Krabbendam},
  title =        "{LSST Telescope and Site (TS) Requirements}",
  year =         2018,
  month =        may,
  handle =       {LSE-60},
}

@DocuShare{LSE-61,
  author =       {Gregory Dubois-Felsmann and Tim Jenness},
  title =        "{LSST Data Management Subsystem Requirements}",
  year =         2018,
  month =        jul,
  handle =       {LSE-61},
}

@DocuShare{LSE-62,
  author =       {German Schumacher and Francisco Delgado},
  title =        "{LSST Observatory Control System Requirements}",
  year =         2019,
  month =        oct,
  handle =       {LSE-62},
}

@DocuShare{LSE-63,
  author =       {Tony Tyson and {DQA Team} and {Science
                  Collaboration}},
  title =        {Data quality Assurance Plan: Requirements for the
                  LSST Data Quality Assessment Framework},
  year =         2017,
  month =        may,
  handle =       {LSE-63},
}

@DocuShare{LSE-68,
  author =       {Gregory Dubois-Felsmann},
  title =        "{Camera Data Acquisition Interface}",
  year =         2015,
  month =        jun,
  handle =       {LSE-68},
}

@DocuShare{LSE-69,
  author =       {Gregory Dubois-Felsmann},
  title =        "{Interface between the Camera and Data Management}",
  year =         2014,
  month =        oct,
  handle =       {LSE-69},
}

@DocuShare{LSE-70,
	author =	     {Paul Lotz},
	title =		     {System Communication Protocol Interface},
	year =		     2016,
	month =		     sep,
	handle =	     {LSE-70},
}

@DocuShare{LSE-72,
  author =       {Gregory Dubois-Felsmann and German Schumacher and
                  Brian Selvy},
  title =        "{OCS Command Dictionary for Data Management}",
  year =         2014,
  month =        oct,
  handle =       {LSE-72},
}

@DocuShare{LSE-75,
  author =       {Gregory Dubois-Felsmann},
  title =        "{Control System Interfaces between the Telescope and Data Management}",
  year =         2011,
  month =        aug,
  handle =       {LSE-75},
}

@DocuShare{LSE-76,
  author =       {Gregory Dubois-Felsmann},
  title =        "{Infrastructure Interfaces between Summit Facility and Data Management}",
  year =         2011,
  month =        aug,
  handle =       {LSE-76},
}

@DocuShare{LSE-77,
  author =       {Gregory Dubois-Felsmann},
  title =        "{Infrastructure Interfaces between Base Facility and Data Management}",
  year =         2013,
  month =        oct,
  handle =       {LSE-77},
}

@DocuShare{LSE-78,
	author =       {Ron Lambert and Jeff Kantor and Mike Huffer and Chip Cox
                  and Paul Wefel and Matt Kollross and Sandra Jaque},
	title =        "{ LSST Observatory Network Design}",
	year =         2017,
	month =        apr,
	handle =       {LSE-78},
}

@DocuShare{LSE-79,
  author =       {Chuck Claver and {The LSST Commissioning Planning Team}},
  title =        "{System AI\&T and Commissioning Plan}",
  year =         2017,
  month =        jan,
  handle =       {LSE-79},
}

@DocuShare{LEP-031,
  author =       {The LSST EPO Team},
  title =        "{LSST EPO Design}",
  year =         2018,
  month =        jul,
  handle =       {LEP-031},
}


@DocuShare{LSE-81,
  author =       {Gregory Dubois-Felsmann},
  title =        "{LSST Science and Project Sizing Inputs}",
  year =         2013,
  month =        oct,
  handle =       {LSE-81},
}

@DocuShare{LSE-82,
  author =       {Gregory Dubois-Felsmann and Kian-Tat Lim},
  title =        "{Science and Project Sizing Inputs Explanation}",
  year =         2013,
  month =        oct,
  handle =       {LSE-82},
}

@DocuShare{LSE-89,
  author =       {Ben Emmons and Amanda Bauer},
  title =        "{Education and Public Outreach Requirements}",
  year =         2018,
  month =        jan,
  handle =       {LSE-89}
}


@DocuShare{LSE-130,
  author =       {Gregory Dubois-Felsmann},
  title =        "{Support-Data Exchanges between Data Management and Camera}",
  year =         2015,
  month =        jun,
  handle =       {LSE-130},
}

@DocuShare{LSE-131,
  author =       {Suzanne Jacoby and Ben Emmons and Brian Selvy},
  title =        {Interface between Data Management and Education and
                  Public Outreach},
  year =         2017,
  month =        jul,
  handle =       {LSE-131},
}

@DocuShare{LSE-140,
  author =       {Gregory Dubois-Felsmann},
  title =        "{Auxiliary Instrumentation Interface between Data Management and Telescope}",
  year =         2016,
  month =        jul,
  handle =       {LSE-140},
}

@DocuShare{LSE-150,
  author =       {Tiago Ribeiro and William O’Mullane and Tim Axelrod and Dave Mills},
  title =        "{Control Software Architecture}",
  year =         2019,
  month =        aug,
  handle =       {LSE-150},
}

@DocuShare{LSE-159,
  author =       {George Angeli},
  title =        "{Reviews Definitions, Guidelines, and Procedures}",
  year =         2013,
  month =        sep,
  handle =       {LSE-159},
}

@DocuShare{LSE-163,
  author =       {Mario Juri\'c and others},
  title =        "{LSST Data Products Definition Document}",
  year =         2017,
  month =        apr,
  handle =       {LSE-163},
}

@DocuShare{LSE-180,
  author =       {Lynne Jones},
  title =        "{Level 2 Photometric Calibration for the LSST Survey}",
  year =         2013,
  month =        nov,
  handle =       {LSE-180},
}

@DocuShare{LSE-209,
  author =       {Paul Lotz},
  title =        {Software Component to OCS Interface},
  year =         2016,
  month =        oct,
  handle =       {LSE-209},
}

@DocuShare{LSE-239,
  author =       {Donald Petravick and Josh Hoblitt and Kian-Tat Lim and Ron Lambert and Gregory Dubois-Felsmann and Tom Durbin and Jeff Barr},
  title =        "{Base Facility Data Center Design Requirements}",
  year =         2016,
  month =        aug,
  handle =       {LSE-239},
}

@DocuShare{LSE-279,
  author =       {Alex Withers},
  title =        "{Concept of Operations for Unified LSST Authentication and Authorization Services}",
  year =         2017,
  month =        jan,
  handle =       {LSE-279},
}

@DocuShare{LSE-309,
  author =       {Jeff Kantor},
  title =        "{Summit to Base Information Technology and Communication (ITC) Design}",
  year =         2017,
  month =        nov,
  handle =       {LSE-309},
}

@DocuShare{LSE-319,
  author =       {M. Juri\'c and D. Ciardi and G.P. Dubois-Felsmann},
  title =        "{LSST Science Platform Vision Document}",
  year =         2017,
  month =        jun,
  handle =       {LSE-319},
}

@DocuShare{LPM-261,
  author =       {Beth Willman and Melissa Graham and William O'Mullane and Donald Petravick},
  title =        "{Access Policy for LSST Data and Data Access Center}",
  year =         2018,
  month =        mar,
  handle =       {LPM-261},
  note =         {Superseded by LDO-13},
}

@DocuShare{LSE-349,
  author =       {K. Simon Krughoff},
  title =        "{Defining the Transformation Between Camera Engineering Coordinates and Camera Data Visualization Coordinates}",
  year =         2019,
  month =        mar,
  handle =       {LSE-349},
}

@DocuShare{LSE-379,
  author =       {Patrick Ingraham},
  title =        "{Auxiliary Telescope Concept of Operations}",
  year =         2018,
  month =        may,
  handle =       {LSE-379},
}

@DocuShare{LSE-390,
  author =       {Kevin Reil and  Chuck Claver and  Vincent Riot and Victor Krabbendam},
  title =        "{Commissioning Execution Plan}",
  year =         2020,
  month =        mar,
  handle =       {LSE-390},
}

@DocuShare{LSE-400,
  author = {K-T Lim},
  title = "{Header Service Interface}",
  year = 2019,
  handle = {LSE-400},
  url = {https://lse-400.lsst.io},
}

@DocuShare{LDO-13,
  author =      {R. Blum and others},
  title =       "{LSST Data Policy}",
  year =        2019,
  month =       nov,
  handle =      {LDO-13},
}

@DocuShare{LDO-31,
  author =      {R. Blum and others},
  title =       "{LSST Operations Proposal }",
  year =        2020,
  month =       mar,
  handle =      {LDO-31},
}

@DocuShare{LSO-011,
  author = {William O’Mullane and  Phil Marshall and  Leanne Guy},
  title = "{Release Scenarios for LSST Data}",
  year = 2019,
  handle = {LSO-011},
  url = {https://lso-011.lsst.io},
}

@DocuShare{LTS-206,
  author =       {D. Neill and J. Sebag and W. Gressler},
  title =        "{Hexapods and Rotator Specifications Document}",
  year =         2017,
  handle =       {LTS-206},
}

@DocuShare{LTS-210,
  author =       {D. Mills},
  title =        "{Engineering and Facility Database Design Document}",
  year =         2015,
  handle =       {LTS-210},
}

@DocuShare{LTS-487,
  author =       {P. Ingraham},
  title =        "{Auxiliary Telescope Spectrograph Statement of Work (SOW)}",
  year =         2017,
  handle =       {LTS-487},
}

@DocuShare{LTS-488,
  author =       {P. Ingraham},
  title =        "{Auxiliary Telescope Spectrograph Specifications Document}",
  year =         2017,
  handle =       {LTS-488},
}

@DocuShare{LTS-807,
  author =       {A. Serio},
  title =        "{LSST Operations Viszualization Enviroment (LOVE) Requirements }",
  year =         2018,
  handle =       {LTS-807},
}

@DocuShare{Publication-141,
  author =       {Dhital, S. and others},
  title =        {{Science White Paper for LSST Deep-Drilling Field Observations Mapping the Milky Way's Ultracool Dwarfs, Subdwarfs, and White Dwarfs}},
  year =         2011,
  handle = {Publication-141},
}

@DocuShare{Publication-142,
  author =       {Ferguson, H.~C.},
  title =        {{Science White Paper for LSST Deep-Drilling Field Observations: LSST Deep Drilling for Galaxies}},
  year =         2011,
  handle = {Publication-142},
}

@DocuShare{Publication-143,
  author =       {Gawiser, E. and others},
  title =        {{Science White Paper for LSST Deep-Drilling Field Observations: Ultra-deep $ugrizy$ Imaging to Reduce Main Survey Photo-z Systematics and to Probe Faint Galaxy Clustering, AGN, and Strong Lenses}},
  year =         2011,
  handle = {Publication-143},
}

@DocuShare{Publication-144,
  author =       {Kessler, R. and others},
  title =        {{Science White Paper for LSST Deep-Drilling Field Observations: Supernova Light Curves}},
  year =         2011,
  handle = {Publication-144},
}

@DocuShare{Publication-145,
  author =       {Szkody, P. and others},
  title =        {{Science White Paper for LSST Deep-Drilling Field Observations
High Cadence Observations of the Magellanic Clouds and Select Galactic Cluster Fields}},
  year =         2011,
  handle = {Publication-145},
}

@DocuShare{Report-142,
  author =       {Tim Jenness and John Swinbank and Simon Krughoff and
                  Gregory Dubois-Felsmann and David Ciardi},
  title =        "{Hot-Wiring the Transient Universe IV}",
  year =         2015,
  month =        jun,
  handle =       {Report-142},
  note =         {Report on the Hot-Wiring the Transient Universe IV
                  conference held in Santa Barbara in May 2015.},
}

@DocuShare{Report-241,
  author =       {{LSST Project Science Team}},
  title =        "{Camera Mixed Focal Plane Option}",
  year =         2015,
  month =        nov,
  handle =       {Report-241},
}

@DocuShare{Report-561,
  author =       {{Review Committee}},
  title =        "{Telescope \& Site (T\&S) Software Review Report}",
  year =         2018,
  month =        mar,
  handle =       {Report-561},
}

@DocuShare{DMTN-007,
  author = {David Reiss},
   title = "{Dipole characterization for image differencing}",
    year = 2016,
  handle = {DMTN-007},
    note = {LSST Data Management Technical Note},
     url = {https://dmtn-007.lsst.io},
}

@DocuShare{DMTN-010,
  author = {John Parejko and Russell Owen},
   title = "{WCS and Distortion Requirements and Existing Options}",
    year = 2016,
  handle = {DMTN-010},
    note = {LSST Data Management Technical Note},
     url = {https://dmtn-010.lsst.io},
}

@DocuShare{DMTN-015,
  author = {Jim Bosch},
   title = "{Flavors of Coadds}",
    year = 2016,
  handle = {DMTN-015},
    note = {LSST Data Management Technical Note},
     url = {https://dmtn-015.lsst.io},
}

@DocuShare{DMTN-018,
  author = {Andy Salnikov},
   title = "{Re-visiting L1 Database Design (Draft)}",
    year = 2016,
  handle = {DMTN-018},
     url = {https://dmtn-018.lsst.io/}
}


@DocuShare{DMTN-020,
  author =       {Jacek Becla and Frossie Economou and Margaret Gelman and
                  Jeff Kantor and Simon Krughoff and Kevin Long and Fritz
                  Mueller and John Swinbank and Xiuqin Wu},
  title =        "{Project Management Guide}",
  year =         2016,
  month =        nov,
  handle =       {DMTN-020},
  url =          {https://dmtn-020.lsst.io/}
}

@DocuShare{DMTN-021,
  author = {David J. Reiss and Robert H. Lupton},
   title = "{Implementation of Image Difference Decorrelation}",
    year = 2016,
  handle = {DMTN-021},
    note = {LSST Data Management Technical Note},
     url = {https://dmtn-021.lsst.io},
}

@DocuShare{DMTN-025,
  author = {Mikolaj Kowalik and Hsin-Fang Chiang and Greg Daues and Rob Kooper},
   title = "{A survey of workflow management systems}",
    year = 2016,
  handle = {DMTN-025},
    note = {LSST Data Management Technical Note},
     url = {https://dmtn-025.lsst.io},
}

@DocuShare{DMTN-028,
  author = {Maria T. Patterson},
  title = "{Benchmarking a distribution system for LSST alerts}",
    year = 2018,
  handle = {DMTN-028},
    note = {LSST Data Management Technical Note},
     url = {https://dmtn-028.lsst.io},
}

@DocuShare{DMTN-031,
  author = {Christopher B. Morrison},
  title = "{Pessimistic Pattern Matching for LSST}",
    year = 2018,
  handle = {DMTN-031},
    note = {LSST Data Management Technical Note},
     url = {https://dmtn-031.lsst.io},
}

@DocuShare{DMTN-035,
  author = {Mario Juri\'c and Andrew Becker and Richard Shaw and
            K. Simon Krughoff and Jeff Kantor},
   title = "{Winter 2013 LSST DM Data Challenge Release Notes}",
    year = 2016,
  handle = {DMTN-035},
    note = {LSST Data Management Technical Note},
     url = {https://dmtn-035.lsst.io},
}

@DocuShare{DMTN-037,
  author = {Ian Sullivan},
   title = "{DCR-matched template generation}",
    year = 2017,
  handle = {DMTN-037},
    note = {LSST Data Management Technical Note},
     url = {https://dmtn-037.lsst.io},
}

@DocuShare{DMTN-044,
  author = {John D. Swinbank},
   title = "{LSST DM Software Release Considerations}",
    year = 2017,
  handle = {DMTN-044},
    note = {LSST Data Management Technical Note},
     url = {https://dmtn-044.lsst.io},
}

@DocuShare{DMTN-046,
  author = {Jacek Becla and Kian-Tat Lim and Daniel Wang},
   title = "{An investigation of database technologies}",
    year = 2013,
  handle = {DMTN-046},
    note = {LSST Data Management Technical Note},
     url = {https://dmtn-046.lsst.io},
}

@DocuShare{DMTN-047,
  author = {Jim Tommaney and Jacek Becla and Kian-Tat Lim and Daniel Wang},
   title = "{Tests with InfiniDB}",
    year = 2011,
  handle = {DMTN-047},
    note = {LSST Data Management Technical Note},
     url = {https://dmtn-047.lsst.io},
}

@DocuShare{DMTN-048,
  author = {Jacek Becla and Kian-Tat Lim and Daniel Wang},
   title = "{Qserv design prototyping experiments}",
    year = 2011,
  handle = {DMTN-048},
    note = {LSST Data Management Technical Note},
     url = {https://dmtn-048.lsst.io},
}

@DocuShare{DMTN-049,
  author = {M. L. Graham},
   title = "{LSST DRP (Level 2) Catalog Photometric Redshifts}",
    year = 2018,
  handle = {DMTN-049},
    note = {LSST Data Management Technical Note},
     url = {https://dmtn-049.lsst.io},
}

@DocuShare{DMTN-056,
   author = {Pim Schellart and  Jim Bosch},
    title = {Butler Redesign Strawman},
     year = 2018,
    month = jan,
   handle = {DMTN-056},
      url = {http://DMTN-056.lsst.io}
}

@DocuShare{DMTN-057,
  author = {Krzysztof Findeisen},
   title = "{Integrating Verification Metrics into the LSST DM Stack}",
    year = 2017,
   month = oct,
  handle = {DMTN-057},
    note = {LSST Data Management Technical Note},
     url = {https://dmtn-057.lsst.io},
}

@DocuShare{DMTN-059,
  author = {Michelle Gower},
   title = "{Batch Processing Facade Prototype 0.1}",
    year = 2017,
   month = sep,
  handle = {DMTN-059},
    note = {LSST Data Management Technical Note},
     url = {https://dmtn-059.lsst.io},
}

@DocuShare{DMTN-064,
  author = {J. Meyers},
   title = "{Hyper Suprime-Cam donut analysis}",
    year = 2018,
   month = jan,
  handle = {DMTN-064},
    note = {LSST Data Management Technical Note},
     url = {https://dmtn-064.lsst.io},
}

@DocuShare{DMTN-065,
  author = {M. Graham and M. Juri\'{c} and K.-T. Lim and E. Bellm},
   title = "{Data Management and LSST Special Programs}",
    year = 2018,
  handle = {DMTN-065},
    note = {LSST Data Management Technical Note},
     url = {https://dmtn-065.lsst.io},
}



@DocuShare{DMTN-069,
  author = {A. C. Becker and K. Simon Krughoff and A. Connolly},
   title = "{Report on Winter 2014 Production: Image Differencing}",
    year = 2014,
   month = may,
  handle = {DMTN-069},
    note = {LSST Data Management Technical Note},
     url = {https://dmtn-069.lsst.io},
}

@DocuShare{DMTN-070,
  author = {A. C. Becker and K. Simon Krughoff and A. Connolly},
   title = "{Report on Summer 2014 Production: Analysis of DCR}",
    year = 2014,
   month = oct,
  handle = {DMTN-070},
    note = {LSST Data Management Technical Note},
     url = {https://dmtn-070.lsst.io},
}

@DocuShare{DMTN-072,
  author = {William O'Mullane and John Swinbank},
   title = "{Cloud technical assesment}",
    year = 2018,
   month = jan,
  handle = {DMTN-072},
    note = {LSST Data Management Technical Note},
     url = {https://dmtn-072.lsst.io},
}

@DocuShare{DMTN-074,
  author = { John Swinbank },
   title = "{DM QA Status \& Plans}",
    year = 2018,
   month = jun,
  handle = {DMTN-074},
    note = {LSST Data Management Technical Note},
     url = {https://dmtn-074.lsst.io},
}

@DocuShare{DMTN-077,
  author = { K. Suberlak and C. Slater and \v{Z}. Ivezi\'c},
   title = "{LSST Fall 2017 Crowded Fields Testing}",
    year = 2018,
   month = apr,
  handle = {DMTN-077},
    note = {LSST Data Management Technical Note},
     url = {https:/wdmtn-077.lsst.io},
}

@DocuShare{DMTN-078,
  author = {William O'Mullane and John Swinbank and Margaret Gelemann and Xiuqin Wu and Fritz Mueller},
   title = "{Potential proofs of concept for Google Cloud}",
    year = 2018,
   month = apr,
  handle = {DMTN-078},
    note = {LSST Data Management Technical Note},
     url = {https://dmtn-078.lsst.io},
}

@DocuShare{DMTN-080,
  author = {AlSayyad, Y.},
   title = "{Coaddition Artifact Rejection and \texttt{CompareWarp}}",
    year = 2018,
   month = jul,
  handle = {DMTN-080},
    note = {LSST Data Management Technical Note, draft version},
     url = {https://dmtn-080.lsst.io},
}

@DocuShare{DMTN-081,
  author = {Maria T. Patterson},
   title = "{Deploying an alert stream mini-broker prototype}",
    year = 2018,
   month = jun,
  handle = {DMTN-081},
    note = {LSST Data Management Technical Note, draft version},
     url = {https://dmtn-081.lsst.io},
}

@DocuShare{DMTN-085,
  author = {Bellm,~E.C. and Chiang,~H.-F. and Fausti,~A. and Krughoff,~K.S.  and MacArthur,~L.A.M and Morton,~T.D. and Swinbank,~J.D. and Roby,~T.},
   title = "{QA Strategy Working Group Report}",
    year = 2018,
   month = jul,
  handle = {DMTN-085},
    note = {LSST Data Management Technical Note},
     url = {https://dmtn-085.lsst.io},
}

@DocuShare{DMTN-086,
  author = {C. Slater},
   title = "{Next-to-the-Database Processing Use Cases}",
    year = 2018,
   month = jul,
  handle = {DMTN-086},
    note = {LSST Data Management Technical Note},
     url = {https://dmtn-086.lsst.io},
}

@DocuShare{DMTN-087,
  author = {Juric, M. and Jones, L.},
   title = "{Proposed Modifications to Solar System Processing and Data Products}",
    year = 2018,
   month = jun,
  handle = {DMTN-087},
    note = {LSST Data Management Technical Note},
     url = {https://dmtn-087.lsst.io},
}

@DocuShare{DMTN-088,
  author = {Hsin-Fang Chiang Margaret W. G. Johnson},
   title = "{As-is HSC Reprocessing}",
    year = 2018,
   month = jul,
  handle = {DMTN-088},
    note = {LSST Data Management Technical Note},
     url = {https://dmtn-088.lsst.io},
}

@DocuShare{DMTN-091,
  author = {Michael Wood-Vasey and Eric Bellm and Jim Bosch and Jeff Carlin and Zeljko Ivezic and Lauren MacArthur and Colin Slater},
   title = "{Test Datasets for Scientific Performance Monitoring}",
    year = 2019,
   month = nov,
  handle = {DMTN-091},
    note = {LSST Data Management Technical Note},
     url = {https://dmtn-091.lsst.io},
}

@DocuShare{DMTN-093,
  author = {Maria Patterson and Eric Bellm and John Swinbank},
   title = "{Design of the LSST Alert Distribution System}",
    year = 2018,
   month = oct,
  handle = {DMTN-093},
    note = {LSST Data Management Technical Note},
     url = {https://dmtn-093.lsst.io},
}

@DocuShare{DMTN-094,
  author = {Brian Van Klaveren},
   title = "{LSP Authentication Design}",
    year = 2019,
   month = apr,
  handle = {DMTN-094},
    note = {LSST Data Management Technical Note},
     url = {https://dmtn-094.lsst.io},
}

@DocuShare{DMTN-096,
  author = {William O'Mullane and John Swinbank and Leanne Guy and Amanda Bauer},
   title = "{Implementation and impacts of DM scope options}",
    year = 2018,
   month = nov,
  handle = {DMTN-096},
    note = {LSST Data Management Technical Note},
     url = {https://dmtn-096.lsst.io},
}

@DocuShare{DMTN-098,
  author = {Krzysztof Findeisen},
   title = "{Metrics Measurement Framework Design}",
    year = 2018,
   month = dec,
  handle = {DMTN-098},
    note = {LSST Data Management Technical Note},
     url = {https://dmtn-098.lsst.io},
}

@DocuShare{DMTN-102,
  author = {M.~L.~Graham and E.~C.~Bellm and L.~P.~Guy and C.~T.~Slater G.~P.~Dubois-Felsmann and the DM System Science Team},
   title = "{LSST Alerts: Key Numbers}",
    year = 2019,
   month = feb,
  handle = {DMTN-102},
    note = {LSST Data Management Technical Note},
     url = {https://dmtn-102.lsst.io},
}

@DocuShare{DMTN-104,
   author = { Gabriele Comoretto },
    title = {Data Management Detailed Product Tree},
     year = 2020,
    month = apr,
   handle = {DMTN-104},
      url = {http://DMTN-104.lsst.io } }

@DocuShare{DMTN-106,
   author = { Gabriele Comoretto },
    title = {DM Release Process},
     year = 2019,
    month = jun,
   handle = {DMTN-106},
      url = {http://DMTN-106.lsst.io } }

@DocuShare{DMTN-107,
  author = {M.~L.~Graham and E.~C.~Bellm and C.~T.~Slater  and the DM System Science Team},
   title = "{Options for Alert Production in  LSST Operations Year 1}",
    year = 2019,
   month = mar,
  handle = {DMTN-107},
    note = {LSST Data Management Technical Note},
     url = {https://dmtn-107.lsst.io},
}

@DocuShare{DMTN-109,
   author = {Siegfried Eggl},
    title = "{LSST discovery estimates for Solar System Objects}",
     year = 2019,
    month = jul,
   handle = {DMTN-109},
      url = {http://dmtn-109.lsst.io}
}

@DocuShare{DMTN-110,
   author = {Gabriele Comoretto},
    title = "{Conda Environment Proposal for Science Pipelines}",
     year = 2019,
    month = jun,
   handle = {DMTN-110},
      url = {http://dmtn-110.lsst.io}
}

@DocuShare{DMTN-111,
   author = {Kian-Tat Lim },
    title = { DM Usage in Observatory Operations},
     year = 2019,
    month = apr,
   handle = {DMTN-111},
      url = {http://dmtn-111.lsst.io}
}

@DocuShare{DMTN-113,
   author = {Andy Salnikov},
    title = {Performance of RDBMS-based PPDB implementation},
     year = 2019,
    month = mar,
   handle = {DMTN-113},
      url = {http://dmtn-113.lsst.io}
}

@DocuShare{DMTN-114,
   author = {Kian-Tat Lim and Leanne Guy and Hsin-Fang Chiang},
    title = {LSST + Amazon Web Services Proof of Concept},
     year = 2019,
    month = apr,
   handle = {DMTN-114},
      url = {http://dmtn-114.lsst.io}
}

@DocuShare{DMTN-119,
   author = {William O'Mullane and Robert Gruendl and Robert Blum},
    title = {Report on Operations Rehersal \#1},
     year = 2019,
    month = 05,
   handle = {DMTN-119},
      url = {http://dmtn-119.lsst.io}
}

@DocuShare{DMTN-121,
   author = {Ian Sullivan},
    title = "{Impact of variable seeing on DCR coadd generation}",
     year = 2019,
    month = jun,
   handle = {DMTN-121},
      url = {http://dmtn-121.lsst.io}
}

@DocuShare{DMTN-122,
   author = { Michelle Gower and Kian-Tat Lim },
    title = {Data Backbone Design},
     year = 2019,
    month = 07,
   handle = {DMTN-122},
      url = {http://DMTN-122.lsst.io } }

@DocuShare{DMTN-123,
   author = { Michelle Gower and Kian-Tat Lim },
    title = {Batch Production Services Design},
     year = 2019,
    month = 08,
   handle = {DMTN-123},
      url = {http://DMTN-123.lsst.io } }

@DocuShare{DMTN-125,
   author = {Kian-Tat Lim},
    title = "{Google Cloud Engagement Results}",
     year = 2019,
    month = jul,
   handle = {DMTN-125},
      url = {http://dmtn-125.lsst.io}
}
@DocuShare{DMTN-136,
   author = {      Gregory Dubois-Felsmann },
    title = {LSST Science Platform Portal Aspect Design and Maintenance Manual},
     year = 2019,
    month = nov,
   handle = {DMTN-136},
      url = {http://DMTN-136.lsst.io } }

@DocuShare{DMTN-135,
   author = { Michelle Butler and  Kian Tat Lim and  William O'Mullane },
    title = {DM sizing model and purchase plan for the remainder of construction.},
     year = 2019,
    month = nov,
   handle = {DMTN-135},
      url = {http://DMTN-135.lsst.io } }

@DocuShare{DMTN-137,
   author = { Hsin-Fang Chiang and Dino Bektesevic and the AWS-PoC team },
    title = {AWS Proof of Concept Project Report},
     year = 2020,
    month = jan,
   handle = {DMTN-137},
      url = {http://DMTN-137.lsst.io } }

@DocuShare{DMTN-140,
  author = {G. Comoretto and L. P. Guy and others},
   title = "{Documentation Automation for the Verification and Validation of Rubin Observatory Software}",
    year = 2020,
    month = dec,
  handle = {DMTN-140},
     url = {https://dmtn-140.lsst.io/} }

@DocuShare{DMTN-150,
   author = { Kian-Tat Lim },
    title = {LSST + Google Cloud Proof of Concept},
     year = 2020,
    month = may,
   handle = {DMTN-150},
      url = {http://DMTN-150.lsst.io } }

@DocuShare{DMTN-157,
   author = {Hsin-Fang Chiang and K-T Lim},
    title = "{Report of Google Cloud Proof of Concept}",
     year = 2020,
   handle = {DMTN-157},
     note = {LSST Data Management Technical Note},
      url = {https://dmtn-157.lsst.io},
 }

@DocuShare{DMTN-163,
 author = {Russ Allbery},
  title = "{Encryption of Rubin Observatory data}",
   year = 2020,
 handle = {DMTN-163},
   note = {LSST Data Management Technical Note},
    url = {https://dmtn-163.lsst.io},
}

@DocuShare{DMTN-165,
 author = {Eric Bellm and Spencer Nelson},
  title = "{A Hybrid Notification and Alert Retrieval Service}",
   year = 2020,
 handle = {DMTN-165},
   note = {LSST Data Management Technical Note},
    url = {https://dmtn-165.lsst.io},
}

@DocuShare{DMTN-169,
 author = {Russ Allbery},
  title = "{A model for Butler registry access control document}",
   year = 2020,
 handle = {DMTN-169},
   note = {LSST Data Management Technical Note},
    url = {https://dmtn-169.lsst.io},
}

@DocuShare{DMTN-176,
   author = {Tim Jenness},
    title = "{A client/server Butler}",
     year = 2021,
   handle = {DMTN-176},
     note = {LSST Data Management Technical Note},
      url = {https://dmtn-176.lsst.io},
 }

@DocuShare{DMTN-177,
  author = {Tim Jenness},
   title = "{Limiting Registry Access During Workflow Execution}",
    year = 2021,
  handle = {DMTN-177},
    note = {LSST Data Management Technical Note},
     url = {https://dmtn-177.lsst.io},
}

@DocuShare{DMTN-178,
   author = { Gabriele Comoretto },
    title = {Docsteady Usecases for Rubin Observatory Construction},
     year = 2021,
    month = jan,
   handle = {DMTN-178},
      url = {http://DMTN-178.lsst.io } }
}

@DocuShare{DMTN-182,
  author = {Russ Allbery},
   title = "{Possible authorization approaches for Butler}",
    year = 2021,
  handle = {DMTN-182},
    note = {LSST Data Management Technical Note},
     url = {https://dmtn-182.lsst.io},
}

@DocuShare{DMTR-11,
  author = {Frossie Economou and John Swinbank and Jim Bosch
            and Simon Krughoff},
   title = "{Characterization Metric Report: Science Pipelines Version 11.0 (Summer 2015)}",
    year = 2015,
   month = oct,
  handle = {DMTR-11},
}

@DocuShare{DMTR-12,
  author = {Jacek Becla},
   title = "{Qserv 300 node test}",
    year = 2013,
  handle = {DMTR-12},
}

@DocuShare{DMTR-13,
  author = {Jacek Becla},
   title = "{Qserv Summer 15 Large Scale Tests}",
    year = 2015,
   month = aug,
  handle = {DMTR-13},
}

@DocuShare{DMTR-14,
  author = {John Swinbank and Jim Bosch
            and Simon Krughoff},
   title = "{Characterization Metric Report: Science Pipelines Version 12.0}",
    year = 2016,
   month = mar,
  handle = {DMTR-14},
}

@DocuShare{DMTR-15,
  author = {Michael Wood-Vasey and John Swinbank},
   title = "{Characterization Metric Report: Science Pipelines Version 13.0}",
    year = 2017,
   month = mar,
  handle = {DMTR-15},
}

@DocuShare{DMTR-16,
  author = {Vaikunth~Thukral},
   title = "{Qserv Fall 16 Large Scale Tests/KPMs}",
    year = 2017,
   month = may,
  handle = {DMTR-16},
}

@DocuShare{DMTR-17,
  author = {Vaikunth~Thukral},
   title = "{Qserv Fall 17 Large Scale Tests/KPMs}",
    year = 2018,
   month = jun,
  handle = {DMTR-17},
}
@DocuShare{DMTR-21,
  author = {Jacek Becla and K-T Lim and Daniel Wang},
   title = "{Early (pre-2013) Large-Scale Qserv Tests}",
    year = 2013,
   month = aug,
  handle = {DMTR-21},
}

@DocuShare{DMTR-22,
  author = {K. Suberlak and {\v Z}. Ivezi\'c and {The PDAC Team}},
   title = "{Prototype Data Access Center: User Report}",
    year = 2017,
   month = jul,
  handle = {DMTR-22},
}

@DocuShare{DMTR-31,
  author = {H.-F. Chiang and G. Daues and S. Thrush and {The NCSA Team}},
   title = "{S17B HSC PDR1 Reprocessing Report}",
    year = 2017,
   month = aug,
  handle = {DMTR-31},
}

@DocuShare{DMTR-41,
  author = {S. Krughoff and  J. Wood-Vasey},
   title = "{Characterization Metric Report: Science Pipelines Version 14.0}",
    year = 2017,
   month = oct,
  handle = {DMTR-41},
}

@DocuShare{DMTR-51,
  author = {Bosch, J. and Chiang, H.-F. and Gower, M. and Kowalik, M. and Morton, T. and Swinbank, J.D.},
   title = {LDM-503-02 (HSC Reprocessing) Test Report},
    year = 2017,
   month = dec,
  handle = {DMTR-51},
}

@DocuShare{DMTR-52,
  author = {Gregory P. Dubois-Felsmann},
   title = {LDM-503-01 (WISE Data Loaded in PDAC) Test Report },
    year = 2018,
   month = may,
  handle = {DMTR-52},
}

@DocuShare{DMTR-53,
  author = {Bellm, E.C. and Swinbank, J.D.},
   title = {LDM-503-03 (Alert Generation) Test Report},
    year = 2018,
   month = jan,
  handle = {DMTR-53},
}

@DocuShare{DMTR-61,
  author = {Butler, M. and Parsons, J.},
   title = {LDM-503-04 and LDM-503-04b (Raw Image Archiving Service) Test Report},
    year = 2018,
   month = jun,
  handle = {DMTR-61},
}

@DocuShare{DMTR-71,
  author = {Fritz Mueller},
   title = "{LVV-P46 (2018 qserv large scale testing) Test Plan and Report}",
    year = 2019,
   month = jul,
  handle = {DMTR-71},
}

@DocuShare{DMTR-82,
  author = {Vinicius Arcanjo and Albert Astudillo and Jeronimo Bezerra and Luis Corral and Julio Ibarra and Sandra Jaque and Jeff Kantor and Matt Kollross and Ron Lambert},
   title = "{Network Bandwidth Tests between Chile and the United States}",
    year = 2018,
   month = jun,
  handle = {DMTR-82},
}

@DocuShare{DMTR-91,
  author = {Bellm, E.C.},
   title = {LDM-503-05 (Alert Distribution Validation) Test Report},
    year = 2018,
   month = jul,
  handle = {DMTR-91},
}

@DocuShare{DMTR-111,
  author = {Swinbank, J.D.},
   title = "{LDM-503-09a (Science pipelines fall 2018 release) Test Plan and Report}",
    year = 2018,
   month = nov,
  handle = {DMTR-111},
}

@DocuShare{DMTR-112,
  author = {Swinbank, J.D.},
   title = "{LDM-503-07 (Camera data processing) Test Plan and Report}",
    year = 2018,
   month = nov,
  handle = {DMTR-112},
}
@DocuShare{DMTR-102,
   author = {Michelle Butler},
    title = {LDM-503-8b (Small Scale CCOB Data Access) Test Plan and Report},
     year = 2019,
    month = jul,
   handle = {DMTR-102},
      url = {http://dmtr-102.lsst.io}
}

@DocuShare{DMTR-121,
   author = {Michelle Butler},
    title = {LDM-503-8 (Spectrograph Data Acquisition) Test Plan and Report},
     year = 2019,
    month = jul,
   handle = {DMTR-121},
      url = {http://dmtr-121.lsst.io }
}

@DocuShare{DMTR-141,
   author = {G. Comoretto on behalf of Science Pipelines Team},
    title = {Characterization Metric Report: Science Pipelines Version 18.0.0},
     year = 2019,
    month = jul,
   handle = {DMTR-141},
      url = {http://dmtr-141.lsst.io }
}

@DocuShare{DMTR-151,
  author = {Jeff Kantor},
   title = "{LVV-P47 (Summit - base network integration) Test Plan and Report}",
    year = 2019,
   month = feb,
  handle = {DMTR-151},
}

@DocuShare{DMTR-161,
   author = {Dubois-Felsmann, G.},
    title = {LDM-503-10a: LSP with Authentication and TAP Test Plan and Report},
     year = 2020,
    month = jan,
   handle = {DMTR-161},
}

@DocuShare{DMTR-171,
   author = {Butler, M.},
    title = {LDM-503-6: ComCam Interface Verification Readiness Test Plan and Report},
     year = 2020,
    month = aug,
   handle = {DMTR-171},
}

@DocuShare{DMTR-181,
   author = {Butler, M.},
    title = {LDM-503-10: DAQ Validation Test Plan and Report},
     year = 2020,
    month = aug,
   handle = {DMTR-181},
}

@DocuShare{DMTR-182,
   author = {Butler, M.},
    title = {LDM-503-10b: Large Scale CCOB Data Access Test Plan and Report},
     year = 2019,
    month = oct,
   handle = {DMTR-182},
     note = {Draft version},
      url = {http://dmtr-182.lsst.io }
}

@DocuShare{DMTR-191,
   author = {J. Carlin and  K. S. Krughoff and  G. Comoretto},
    title = {Characterization Metric Report: Science Pipelines Version 19.0.0},
     year = 2019,
    month = dec,
   handle = {DMTR-191},
      url = {http://dmtr-191.lsst.io }
}

@DocuShare{DMTR-192,
   author = {Swinbank, J.},
    title = {LDM-503-11b: Science Pipelines Fall 2019 Release Test Plan and Report},
     year = 2019,
    month = nov,
   handle = {DMTR-191},
     note = {Draft version},
      url = {http://dmtr-191.lsst.io }
}

@DocuShare{DMTR-201,
  author = {Fritz Mueller},
   title = "{LVV-P65 Fall 2019 Pipelines Release Acceptance Test Campaign Test Plan and Report}",
    year = 2020,
   month = mar,
  handle = {DMTR-201},
}

@DocuShare{DMTR-211,
  author = {Gregory Dubois-Felsmann},
   title = "{DM-SUIT-8: Portal Integrated with Workspace Test Plan and Report}",
    year = 2020,
   month = may,
  handle = {DMTR-211},
}

@DocuShare{DMTR-231,
   author = {Gruendl, R.},
    title = {LDM-503-11a: ComCam OPS Readiness Test Plan and Report},
     year = 2020,
    month = nov,
   handle = {DMTR-231},
}

@DocuShare{DMTR-251,
   author = {Jeff Carlin},
    title = {Characterization Metric Report: Science Pipelines Version 20.0.0},
     year = 2020,
    month = jun,
   handle = {DMTR-251},
      url = {http://dmtr-251.lsst.io }
}

@DocuShare{DMTR-261,
   author = {Carlin, J.},
    title = {Science Pipelines Release 20.0.0 Acceptance Test Campaign Test Plan and Report},
     year = 2020,
    month = aug,
   handle = {DMTR-261},
}

@DocuShare{DMTR-271,
   author = { Robert Gruendl },
    title = {LDM-GEN3: Gen 3 Butler Acceptance Testing Test Plan and Report},
     year = 2021,
    month = 05,
   handle = {DMTR-271},
      url = {http://DMTR-271.lsst.io } }

@DocuShare{DMTR-301,
 author = { Gregory Dubois-Felsmann },
  title = {milestone-dp01},
   year = 2021,
  month = Mar,
 handle = {DMTR-301},
    url = {https://dmtr-301.lsst.io } }

 @DocuShare{DMTR-302,
    author = { Yusra AlSayyad },
     title = {LDM-503-13a},
      year = 2021,
     month = Apr,
    handle = {DMTR-302},
       url = {https://dmtr-302.lsst.io } }

@DocuShare{SQR-006,
  author = {Jonathan Sick},
   title = {The LSST the Docs Platform for Continuous Documentation Delivery},
    year = 2017,
   month = jul,
  handle = {SQR-006},
     url = {https://sqr-006.lsst.io},
}

@DocuShare{SQR-009,
  author = {Angelo Fausti},
   title = {The SQuaSH metrics dashboard},
    year = 2017,
   month = dec,
  handle = {SQR-009},
     url = {https://sqr-009.lsst.io},
}

@DocuShare{SQR-016,
  author = { Frossie Economou },
   title = "{Stack release playbook}",
    year = 2018,
   month = dec,
  handle = {SQR-016},
     url = {https://sqr-016.lsst.io},
}

@DocuShare{SQR-017,
  author = {John Parejko and Jonathan Sick},
   title = "{Validation Metrics Framework}",
    year = 2017,
   month = feb,
  handle = {SQR-017},
     url = {https://sqr-017.lsst.io},
}

@DocuShare{SQR-018,
  author = {Frossie Economou},
   title = "{Investigations into JupyterLab as a basis for the LSST Science Platform}",
    year = 2017,
   month = jun,
  handle = {SQR-018},
     url = {https://sqr-018.lsst.io},
}

@DocuShare{SQR-019,
  author = {Jonathan Sick and Angelo Fausti},
   title = "{LSST Verification Framework API Demonstration}",
    year = 2018,
   month = apr,
  handle = {SQR-019},
     url = {https://sqr-019.lsst.io},
}

@DocuShare{PSTN-003,
   author = {William O'Mullane and  Fritz Mueller },
    title = {Discussion of Object vs. Source table queries and data distribution},
     year = 2019,
    month = jun,
   handle = {PSTN-003},
      url = {http://PSTN-003.lsst.io } }

@DocuShare{PSTN-005,
   author = {Jeff Barr},
    title = {Overview of the LSST Telescope},
     year = 2020,
    month = dec,
   handle = {PSTN-005},
      url = {http://PSTN-005.lsst.io } }


@DocuShare{PSTN-006,
   author = {Sandrine Thomas},
    title = {Performance of the LSST Telescope},
     year = 2020,
    month = dec,
   handle = {PSTN-006},
      url = {http://PSTN-006.lsst.io } }


@DocuShare{PSTN-007,
   author = {Lynne Jones},
    title = {The LSST Scheduler Overview and Performance},
     year = 2020,
    month = dec,
   handle = {PSTN-007},
      url = {http://PSTN-007.lsst.io } }


@DocuShare{PSTN-008,
   author = {Bo Xin},
    title = {Performance of the LSST Active Optics System},
     year = 2020,
    month = dec,
   handle = {PSTN-008},
      url = {http://PSTN-008.lsst.io } }


@DocuShare{PSTN-009,
   author = {Tiago Ribeiro},
    title = {LSST Observing System Software Architecture},
     year = 2020,
    month = dec,
   handle = {PSTN-009},
      url = {http://PSTN-009.lsst.io } }


@DocuShare{PSTN-010,
   author = {Justin Wolfe},
    title = {LSST Camera Optics},
     year = 2020,
    month = dec,
   handle = {PSTN-010},
      url = {http://PSTN-010.lsst.io } }


@DocuShare{PSTN-011,
   author = {Chris Stubbs},
    title = {LSST Camera Rafts},
     year = 2020,
    month = dec,
   handle = {PSTN-011},
      url = {http://PSTN-011.lsst.io } }


@DocuShare{PSTN-012,
   author = {Steve Ritz},
    title = {LSST Camera Cryostat},
     year = 2020,
    month = dec,
   handle = {PSTN-012},
      url = {http://PSTN-012.lsst.io } }


@DocuShare{PSTN-013,
   author = {Ralph Schindler},
    title = {LSST Camera Refrigeration},
     year = 2020,
    month = dec,
   handle = {PSTN-013},
      url = {http://PSTN-013.lsst.io } }


@DocuShare{PSTN-014,
   author = {Steve Ritz},
    title = {LSST Camera Body and Mechanisms},
     year = 2020,
    month = dec,
   handle = {PSTN-014},
      url = {http://PSTN-014.lsst.io } }


@DocuShare{PSTN-015,
   author = {Mark Huffer and Tony Johnson},
    title = {LSST Camera Control System and DAQ},
     year = 2020,
    month = dec,
   handle = {PSTN-015},
      url = {http://PSTN-015.lsst.io } }


@DocuShare{PSTN-016,
   author = {Tim Bond and Aaron Rodman},
    title = {LSST Camera Integration and Tests},
     year = 2020,
    month = dec,
   handle = {PSTN-016},
      url = {http://PSTN-016.lsst.io } }


@DocuShare{PSTN-017,
   author = {William O'Mullane and  Leanne Guy},
    title = {Overview of LSST Data Management},
     year = 2020,
    month = dec,
   handle = {PSTN-017},
      url = {http://PSTN-017.lsst.io } }


@DocuShare{PSTN-018,
   author = {Michelle Butler},
    title = {LSST Data Facility},
     year = 2020,
    month = dec,
   handle = {PSTN-018},
      url = {http://PSTN-018.lsst.io } }


@DocuShare{PSTN-019,
   author = {Tim Jenness},
    title = {LSST Data Management Software System},
     year = 2020,
    month = dec,
   handle = {PSTN-019},
      url = {http://PSTN-019.lsst.io } }


@DocuShare{PSTN-020,
   author = {Jim Bosch},
    title = {LSST Data Release Processing},
     year = 2020,
    month = dec,
   handle = {PSTN-020},
      url = {http://PSTN-020.lsst.io } }


@DocuShare{PSTN-021,
   author = {Eric Bellm},
    title = {LSST Prompt Data Products},
     year = 2020,
    month = dec,
   handle = {PSTN-021},
      url = {http://PSTN-021.lsst.io } }


@DocuShare{PSTN-022,
   author = {Frossie Economou and  Gregory Dubois-Felsmann},
    title = {LSST Science Platform},
     year = 2020,
    month = dec,
   handle = {PSTN-022},
      url = {http://PSTN-022.lsst.io } }


@DocuShare{PSTN-023,
   author = {Simon Krughoff},
    title = {LSST Data Management Quality Assurance and Reliability Engineering},
     year = 2020,
    month = dec,
   handle = {PSTN-023},
      url = {http://PSTN-023.lsst.io } }


@DocuShare{PSTN-024,
   author = {},
    title = {LSST Data Management System Verification and Validation},
     year = 2020,
    month = dec,
   handle = {PSTN-024},
      url = {http://PSTN-024.lsst.io } }


@DocuShare{PSTN-025,
   author = {Mario Juric},
    title = {LSST Moving Object Processing},
     year = 2020,
    month = dec,
   handle = {PSTN-025},
      url = {http://PSTN-025.lsst.io } }


@DocuShare{PSTN-026,
   author = {Robert Lupton},
    title = {LSST Calibration Strategy and Pipelines},
     year = 2020,
    month = dec,
   handle = {PSTN-026},
      url = {http://PSTN-026.lsst.io } }


@DocuShare{PSTN-027,
   author = {Patrick Ingraham},
    title = {Performance of the LSST Calibration Systems},
     year = 2020,
    month = dec,
   handle = {PSTN-027},
      url = {http://PSTN-027.lsst.io } }


@DocuShare{PSTN-028,
   author = {Patrick Ingraham},
    title = {Atmospheric Properties with the LSST Auxiliary Telescope},
     year = 2020,
    month = dec,
   handle = {PSTN-028},
      url = {http://PSTN-028.lsst.io } }


@DocuShare{PSTN-029,
   author = {Amanda Bauer},
    title = {Overview of LSST Education and Public Outreach},
     year = 2020,
    month = dec,
   handle = {PSTN-029},
      url = {http://PSTN-029.lsst.io } }


@DocuShare{PSTN-030,
   author = {Ardis Herrold},
    title = {LSST Formal Education Program},
     year = 2020,
    month = dec,
   handle = {PSTN-030},
      url = {http://PSTN-030.lsst.io } }


@DocuShare{PSTN-031,
   author = {Amanda Bauer},
    title = {LSST EPO: The User Feedback},
     year = 2020,
    month = dec,
   handle = {PSTN-031},
      url = {http://PSTN-031.lsst.io } }


@DocuShare{PSTN-004,
   author = {Chuck Claver},
    title = {LSST Observatory System Operations Readiness Report},
     year = 2020,
    month = dec,
   handle = {PSTN-004},
      url = {http://PSTN-004.lsst.io } }


@DocuShare{PSTN-032,
   author = {Bo Xin},
    title = {Performance of Delivered LSST System},
     year = 2020,
    month = dec,
   handle = {PSTN-032},
      url = {http://PSTN-032.lsst.io } }


@DocuShare{PSTN-033,
   author = {Chuck Claver},
    title = {Active Optics Performance with LSST Commissiong Camera},
     year = 2020,
    month = dec,
   handle = {PSTN-033},
      url = {http://PSTN-033.lsst.io } }


@DocuShare{PSTN-034,
   author = {Chuck Claver},
    title = {LSST Active Optics Performance with the LSST Science Camera},
     year = 2020,
    month = dec,
   handle = {PSTN-034},
      url = {http://PSTN-034.lsst.io } }


@DocuShare{PSTN-035,
   author = {Brian Stalder},
    title = {Integration, Test and Commissioning Results from LSST Commissiong Camera},
     year = 2020,
    month = dec,
   handle = {PSTN-035},
      url = {http://PSTN-035.lsst.io } }


@DocuShare{PSTN-036,
   author = {Kevin Reil},
    title = {LSST Camera Instrumental Signature Characterization, Calibration and Removal},
     year = 2020,
    month = dec,
   handle = {PSTN-036},
      url = {http://PSTN-036.lsst.io } }


@DocuShare{PSTN-037,
   author = {Patrick Hascal},
    title = {Installation and Performance of the LSST Camera Refrigeration System},
     year = 2020,
    month = dec,
   handle = {PSTN-037},
      url = {http://PSTN-037.lsst.io } }


@DocuShare{PSTN-038,
   author = {Andy Connolly},
    title = {Science Validation of LSST Alert Processing},
     year = 2020,
    month = dec,
   handle = {PSTN-038},
      url = {http://PSTN-038.lsst.io } }


@DocuShare{PSTN-039,
   author = {Keith Bechtol},
    title = {Science Validation of LSST Data Release Processing},
     year = 2020,
    month = dec,
   handle = {PSTN-039},
      url = {http://PSTN-039.lsst.io } }


@DocuShare{PSTN-040,
   author = {Michael Reuter},
    title = {Tracking of LSST System Performance with Continuous Integration Methods},
     year = 2020,
    month = dec,
   handle = {PSTN-040},
      url = {http://PSTN-040.lsst.io } }


@DocuShare{PSTN-041,
   author = {Chuck Claver},
    title = {The LSST Science Platform as a Commissioning Tool},
     year = 2020,
    month = dec,
   handle = {PSTN-041},
      url = {http://PSTN-041.lsst.io } }


@DocuShare{PSTN-042,
   author = {Chuck Claver},
    title = {Commissioning Science Data Quality Analysis Tools, Methods and Procedures},
     year = 2020,
    month = dec,
   handle = {PSTN-042},
      url = {http://PSTN-042.lsst.io } }


@DocuShare{PSTN-043,
   author = {Lynne Jones},
    title = {Performance Verification of the LSST Survey Scheduler},
     year = 2020,
    month = dec,
   handle = {PSTN-043},
      url = {http://PSTN-043.lsst.io } }

@DocuShare{PSTN-046,
   author = {Steve Ritz},
    title = {LSST Camera Design and Delivered Performance},
     year = 2020,
    month = dec,
   handle = {PSTN-046},
      url = {http://PSTN-046.lsst.io } }


@DocuShare{ITTN-006,
   author = {Cristian Silva and Iain Goodenow and William O'Mullane},
    title = {Rubin Observatory IT mangegement plan},
     year = 2020,
    month = may,
   handle = {ITTN-006},
      url = {http://ITTN-006.lsst.io } }

@DocuShare{ITTN-002,
   author = {Joshua Hoblitt},
    title = {LSST On-Prem Deployment Platform},
     year = 2019,
    month = sep,
   handle = {ITTN-002},
      url = {http://ITTN-002.lsst.io } }

@DocuShare{LSE-160,
  author =       {Brian Selvy},
  title =        "{Verification and Validation Process}",
  year =         2013,
  month =        sep,
  handle =       {LSE-160},
}

@DocuShare{document-14789,
  author =       {Jeff Kantor},
  title =        "{LSST Long-Haul Networks (LHN) End-to-end Test Plan}",
  year =         2014,
  month =        sep,
  handle =       {document-14789},
}

@DocuShare{RTN-001,
   author = {William O'Mullane},
    title = {Data Preview 0: Definition and planning.},
     year = 2020,
    month = Jun,
   handle = {RTN-001},
      url = {http://RTN-001.lsst.io } }


@DocuShare{RTN-013,
       author = { William O'Mullane and Richard Dubois },
        title = {Near term workflow for pre-operations with PanDA},
         year = 2020,
        month = dec,
       handle = {RTN-013},
          url = {http://RTN-013.lsst.io } }
