% General reference not found in ADS % Do not put books in this file
%

@ARTICLE{1991.Spyak.OpticalEngineering,
  author =       {{Spyak}, P.R. and {Wolfe}, W.L.},
  title =        "{Scatter from particulate-contaminated mirrors}",
  journal =      {Optical Engineering},
  year =         1991,
  volume =       31,
  pages =        {1746-1784}
}

@ARTICLE{1997.Fornies-Marquina.IEEE,
  author =       {{Fornies-Marquina}, J.M. and {Letosa}, J. and
                  {Garc{\'\i}a-Gracia}, M. and {Artacho}, J.M.},
  title =        "{Error propagation for the transformation of time
                  domain into frequency domain}",
  journal =      {IEEE transactions on magnetics},
  year =         1997,
  month =        mar,
  volume =       33,
  pages =        {1456-1459}
}

@ARTICLE{2003.Holland.IEEE,
  author =       {{Holland}, S. E. and {Groom}, D. E. and {Palaio},
                  N. P. and {Stover}, R. J.  and {Wei}, M.},
  title =        "{Fully depleted, back-illuminated charge-coupled
                  devices fabricated on high-resistivity silicon}",
  journal =      {IEEE transactions on electron devices},
  year =         2003,
  month =        jan,
  volume =       50,
  pages =        {225-238}
}

% 2003AJ....125.1580Ka is in  gaia_refs_ads as it should be,

@ARTICLE{2005.Baccaro.IEEE,
  author =       {{Baccaro}, S. and {Piegari}, A. and {Di Sarcina},
                  I. and {Cecilia}, A.},
  title =        "{Effect of Irradiation on Optical Components}",
  journal =      {IEEE transactions on nuclear science},
  year =         2005,
  month =        oct,
  volume =       52,
  pages =        {1779-1784}
}

@INPROCEEDINGS{2008ASSL..349..399K,
  author =       {{Klioner}, S.~A.},
  title =        "{Testing Relativity with Space Astrometry Missions}",
  booktitle =    {Lasers, Clocks and Drag-Free Control: Exploration of
                  Relativistic Gravity in Space},
  year =         2008,
  series =       {Astrophysics and Space Science Library},
  volume =       349,
  editor =       "{H.~Dittus, C.~Lammerzahl, \& S.~G.~Turyshev}",
  pages =        399,
  doi =          {10.1007/978-3-540-34377-6_19},
  adsurl =       {http://adsabs.harvard.edu/abs/2008ASSL..349..399K},
  adsnote =      {Provided by the SAO/NASA Astrophysics Data System}
}

@ARTICLE{2010.Seabroke.SPIE,
  author =       { Seabroke, G. M. and Holland, A. D. and Burt, D. and
                  Robbins, M. S.},
  title =        "{Silvaco ATLAS model of ESA's Gaia satellite e2v
                  CCD91-72 pixels}",
  journal =      {Proc. SPIE},
  year =         2010,
  volume =       7742,
  pages =        {774-14}
}

@ARTICLE{2010arXiv1002.5016K,
  author =       {{Klioner}, S.~A. and {Zschocke}, S. and {Soffel},
                  M.~H. and {Butkevich}, A.~G.},
  title =        "{Testing Local Lorentz Invariance with high-accuracy
                  astrometric observations}",
  journal =      {ArXiv e-prints},
  archivePrefix ="arXiv",
  eprint =       {1002.5016},
  primaryClass = "astro-ph.CO",
  keywords =     {Astrophysics - Cosmology and Extragalactic
                  Astrophysics},
  year =         2010,
  month =        feb,
  adsurl =       {http://adsabs.harvard.edu/abs/2010arXiv1002.5016K},
  adsnote =      {Provided by the SAO/NASA Astrophysics Data System}
}

@ARTICLE{2012.Vuillermet.SPIE,
  author =       {Vuillermet, M. and Billon-Lanfrey, D. and Reibel,
                  Y. and Manissadjian, A. and Mollard, L. and Baier,
                  N. and Gravrand, O. and Dest√©fanis G.},
  title =        "{Status of MCT focal plane arrays in France}",
  journal =      {Proc. SPIE 8353, Infrared Technology and
                  Applications XXXVIII},
  year =         2012,
  month =        may,
  volume =       38,
  pages =        83532,
  doi =          {10.1117/12.921868},
}

@ARTICLE{Ana:AgisCg,
  author =       {A.~Bombrun and L.~Lindegren and D.~Hobbs and B.~Holl
                  and U.~Lammers and U.~Bastian},
  title =        {A conjugate gradient algorithm for the astrometric
                  core solution of {Gaia}},
  journal =      {Astronomy and Astrophysics},
  year =         2012,
  month =        {February},
  volume =       538,
  note =         {A77},
  doi =          {10.1051/0004-6361/201117904},
}

@ARTICLE{Ana:AgisMain,
  author =       { L.~Lindegren and U.~Lammers and D.~Hobbs and
                  W.~O'Mullane and U.~Bastian and J.~Hernandez},
  title =        {The astrometric core solution for the {Gaia}
                  mission. {Overview} of models, algorithms, and
                  software implementation},
  journal =      {Astronomy and Astrophysics},
  year =         2012,
  month =        {February},
  volume =       538,
  note =         {A78},
  doi =          {10.1051/0004-6361/201117905},
}

@TechReport{CU6:AG-003,
  author =       {A.~Guerrier},
  title =        {{S}oftware {D}esign {D}ocument for {W}avelength
                  {C}alibration},
  institution =  {ESA},
  note =         {GAIA-C6-TN-OPM-AG-003-1}
}

@TechReport{CU6:AG-004,
  author =       {A.~Guerrier},
  title =        {{S}oftware {D}esign {D}ocument for {A}pply
                  {C}alibration},
  institution =  {ESA},
  note =         {GAIA-C6-SP-OPM-AG-004-1}
}

@TechReport{DOC:HEH-001,
  author =       {H.~Huckle},
  year =         2007,
  institution =  {ESA},
  title =        {Continuum {N}ormalisation},
  note =         {GAIA-C6-SP-MSSL-HEH-001-D}
}

@article{Fraedrich:2009:TMV,
  author =       {Roland Fraedrich and Jens Schneider and R\"{u}diger
                  Westermann},
  title =        {Exploring the "Millennium Run" - Scalable Rendering
                  of Large-Scale Cosmological Datasets},
  year =         2009,
  month =        {November-December},
  journal =      {IEEE Transactions on Visualization and Computer
                  Graphics (Proceedings Visualization / Information
                  Visualization 2009)},
  volume =       15,
  number =       6,
  pages =        {to appear},
  doi =          {xx.xxxx/xxxxxxx.xxxxxxx},
}

@TechReport{GAIA.ASF.SP.PLM.00174,
  author =       {{EADS~Astrium}},
  title =        {GAIA PLM TB/TV test specification: functional and
                  performance tests},
  institution =  {ESA},
  year =         2010,
  month =        {June},
  note =         {GAIA.ASF.SP.PLM.00174}
}

@TechReport{GAIA.ASU.TCN.ESM.00153,
  author =       {{EADS~Astrium}},
  title =        {Gaia Attitude- and Orbit-Control sub-System Normal
                  Mode Final Tuning and Stability Analysis},
  institution =  {ESA},
  year =         2011,
  month =        {July},
  note =         {GAIA.ASU.TCN.ESM.00153}
}

@TechReport{GAIASYS.NT.00134.T.ASTR,
  author =       {{EADS~Astrium}},
  title =        {GAIA Point Spread Function and internal straylight
                  evaluation},
  institution =  {ESA},
  year =         2004,
  month =        {February},
  note =         {GAIASYS.NT.00134.T.ASTR}
}

@Article{IAU:2001,
  author =       {IAU},
  title =        {},
  journal =      {{I}nformation {B}ulletin},
  volume =       88,
  year =         2001,
  note =         {(errata in IAU Information Bulletin, 89)}
}

@article{LLGaiaStatus,
  author =       {Lindegren,Lennart},
  title =        {Gaia: Astrometric performance and current status of
                  the project},
  journal =      {Proceedings of the International Astronomical Union},
  volume =       5,
  number =       {Symposium S261},
  pages =        {296-305},
  year =         2009,
  doi =          {10.1017/S1743921309990548},
}


@LiveLink{ecss:projectbs,
  author =  { {ESA Publications Division}},
  title =   { {P}roject {B}reakdown {S}tructures },
  institution = { {E}uropean {C}ooperation for {S}pace {S}tandardization },
  year =    2003,
  month =   {June},
  livelinknumber =    {ECSS-M-10B},
  livelinkshortnumber =    {ECSS-M-10B}
}

@LiveLink{ecss:e10,
  author =  { {ESA Publications Division}},
  title =   { {F}unctional and {T}echnical {S}pecifications },
  institution = { {E}uropean {C}ooperation for {S}pace {S}tandardization },
  year =    2003,
  month =   {June},
  livelinknumber =    {ECSS-E-10 part 6a},
  livelinkshortnumber =    {ECSS-E-10-6a}
}

@LiveLink{ecss:pa,
  author =  { {ESA Publications Division}},
  title =   { {S}oftware {P}roduct {A}ssurance },
  institution = { {E}uropean {C}ooperation for {S}pace {S}tandardization },
  year =    2003,
  month =   {June},
  livelinknumber =    {ECSS-Q-80B},
  livelinkshortnumber =    {ECSS-Q-80B}
}

@LiveLink{ecss:spmdoc,
  author =  { {ESA Publications Division}},
  title =   { {S}pace {P}roject {M}anagent - configuration management },
  institution = { {E}uropean {C}ooperation for {S}pace {S}tandardization },
  year =    2003,
  month =   {June},
  livelinknumber =    {ECSS-M-40B },
  livelinkshortnumber =    {ECSS-M-40B }
}

@LiveLink{ecss:spmdoc50B,
  author =  { {ESA Publications Division}},
  title =   { {S}pace {P}roject {M}anagent - information/documentation management },
  institution = { {E}uropean {C}ooperation for {S}pace {S}tandardization },
  year =    2003,
  month =   {June},
  livelinknumber =    {ECSS-M-50B Draft 8},
  livelinkshortnumber =    {ECSS-M-50B}
}

@LiveLink{ecss:projectorg,
  author =  { {ESA Publications Division}},
  title =   { {P}roject {O}rganisation },
  institution = { {E}uropean {C}ooperation for {S}pace {S}tandardization },
  year =    2003,
  month =   {June},
  livelinknumber =    {ECSS-M-20B},
  livelinkshortnumber =    {ECSS-M-20B}
}

@LiveLink{ecss:projectphaseplan,
  author =  { {ESA Publications Division} },
  title =   { {P}roject {P}hasing and {P}lanning },
  institution = { {E}uropean {C}ooperation for {S}pace {S}tandardization },
  year =    2003,
  month =   {June},
  livelinknumber =    {ECSS-M-30B},
  livelinkshortnumber =    {ECSS-M-30B}
}

@LiveLink{ecss:organizationandconductofreviews,
  author =  { {ESA Publications Division}},
  title =   { {O}rganization and  {C}onduct of {R}eviews },
  institution = { {E}uropean {C}ooperation for {S}pace {S}tandardization },
  year =    1999,
  month =   {September},
  livelinknumber =    {ECSS-M-30-01A},
  livelinkshortnumber =    {ECSS-M-30-01A}
}


@LiveLink{ecss:tailoring,
  author =  { {ESA Publications Division}},
  title =   { {P}roject {O}rganisation },
  institution = { {E}uropean {C}ooperation for {S}pace {S}tandardization },
  year =    2000,
  month =   {April},
  livelinknumber =    {ECSS-M-00-02A},
  livelinkshortnumber =    {ECSS-M-00-02A}
}

@LiveLink{ecss:swreq,
  author =  { {ESA Publications Division}},
  title =   { {S}pace enginneering - {S}oftware - {P}art 1: {P}rinciples and
requirements},
  institution = { {E}uropean {C}ooperation for {S}pace {S}tandardization },
  year =    2003,
  month =   {November},
  livelinknumber =    {ECSS-E-40 Part 1B},
  livelinkshortnumber =    {ECSS-E-40-1B}
}

@LiveLink{ecss:planimplement,
  author =  { {ESA Publications Division}},
  title =   { {S}pace project management  - {P}roject planning and implementation},
  institution = { {E}uropean {C}ooperation for {S}pace {S}tandardization },
  year =    2008,
  month =   {July},
  livelinknumber =    {ECSS-M-ST-10C},
  livelinkshortnumber =    {ECSS-M-ST-10C}
}

@LiveLink{ecss:costschedule,
  author =  { {ESA Publications Division}},
  title =   { {S}pace project management  - {C}ost and schedule management},
  institution = { {E}uropean {C}ooperation for {S}pace {S}tandardization },
  year =    2008,
  month =   {July},
  livelinknumber =    {ECSS-M-ST-60C},
  livelinkshortnumber =    {ECSS-M-ST-60C}
}

@LiveLink{ecss:docreq,
  author =  { {ESA Publications Division}},
  title =   { {S}pace enginneering - {S}oftware - {P}art 2: {D}ocument
{R}equirements {D}efinitions},
  institution = { {E}uropean {C}ooperation for {S}pace {S}tandardization },
  year =    2005,
  month =   {March},
  livelinknumber =    {ECSS-E-40 Part 2B},
  livelinkshortnumber =    {ECSS-E-40-2B}
}

@LiveLink{cnes:sec,
  author= {Jean-Charles Valadier },
  title  =  {Etude de risque EBIOS du systme CNES-DPC (Limited distribution)},
  institution = { CNES },
  year =    2008,
  month =   {February},
  livelinknumber =    {Gaia-NT-32000-115-CNES},
  livelinkshortnumber =    {Gaia-NT-32000-115-CNES}
}

@LiveLink{esa:sec,
  author= {Christoph Krall},
  title  =  {IMPLEMENTATION OF THE ESA NETWORK SECURITY POLICY},
  institution = { {E}uropean {S}pace {A}gency },
  year =    2004,
  month =   {September},
  livelinknumber =    {EISD-EPNS-00003},
  livelinkshortnumber =    {EISD-EPNS-00003}
}

@TechReport{Lindegren1993,
  author =       {Lennart Lindegren and Michael Perryman et al },
  title =        { GAIA : Global Astrometric Interferometer for
                  Astrophysics },
  institution =  { Lund },
  year =         1993,
  month =        {October},
  url =
                  {http://www.astro.lu.se/\%7Elennart/Astrometry/gaia_proposal.PDF}
}

@TechReport{NGST.BRDF.Lallo,
  year =         1999,
  author =       {{{Lallo}, M. and {Petro}, L.}},
  title =        {Bidirectional reflectance distribution function for
                  the NGST mirrors},
  institution =  {Space Telescope Science Institute},
  month =        {February},
}

@TechReport{REC-ADQL-2.0,
  author =       { Ortiz I., Lusted J., Dowler P. },
  title =        { Astronomical Data Query Language },
  institution =  { IVOA },
  year =         2008,
  month =        {October},
  note =         {REC-ADQL-2.0}
}

@TechReport{REC-SSO-1.01,
  author =       { Rixon G., Graham M. },
  title =        { Single-Sign-On Profile: Authentication Mechanisms },
  institution =  { IVOA },
  year =         2008,
  month =        {January},
  note =         {REC-SSO-1.01}
}

@TechReport{REC-TAP-1.0,
  author =       { Dowler P., Rixon G., Tody D. },
  title =        { Table Access Protocol },
  institution =  { IVOA },
  year =         2010,
  month =        {March},
  note =         {REC-TAP-1.0}
}

@TechReport{REC-UWS-1.0,
  author =       { Harrison P., Rixon G. },
  title =        { Universal Worker Service Pattern },
  institution =  { IVOA },
  year =         2010,
  month =        {October},
  note =         {REC-UWS-1.0}
}

@TechReport{REC-VOSpace-1.15,
  author =       { Graham M., Morris D., Rixon G. },
  title =        { VOSpace specification },
  institution =  { IVOA },
  year =         2009,
  month =        {October},
  note =         {REC-VOSpace-1.15}
}

@TechReport{REC-VOSpace-2.0,
  author =       { Graham M., Morris D., Rixon G. },
  title =        { VOSpace specification },
  institution =  { IVOA },
  year =         2011,
  month =        {June},
  note =         {REC-VOSpace-2.0}
}

@INPROCEEDINGS{Schneider-2005:a,
  author =       {{Schneider}, J.},
  title =        "{Can the Perturbation of a Stellar Motion in a
                  Triple System Mimic a Planet}",
  booktitle =    {ESA SP-576: The Three-Dimensional Universe with
                  Gaia},
  year =         2005,
  editor =       {{Turon}, C. and {O'Flaherty}, K.~S. and {Perryman},
                  M.~A.~C.  },
  month =        jan,
  pages =        {263--266}
}

@misc{WS2CU6:extraction,
  author =       {M.~Cropper and S.R.~Rosen},
  title =        { Spectra Extraction},
  note =         {{CU6 W}orkshop2},
  year =         2006,
  url =          {http://wwwhip.obspm.fr/gaia/cu6/workshop_2/CU6_w2_Cropper_extraction.pdf},
}

@misc{WS2CU6:intro,
  author =       {D.~Katz},
  title =        { {G}aia - {RVS}: {DPAC} and {CU6}},
  note =         {{CU6 W}orkshop2},
  year =         2006,
  url =          {http://wwwhip.obspm.fr/gaia/cu6/workshop_2/CU6_w2_Katz_intro.pdf},
}

@ARTICLE{bucc1,
  author =       {{Bucciarelli}, B. and {Taff}, L.~G. and {Lattanzi},
                  M.~G.},
  title =        "{A generalization of the moving mean}",
  year =         1993,
  journal =      {J. Statist. Comput. Simul.},
  volume =       48,
  pages =        29
}

@TechReport{ccsds:packettelemetry,
  author =       {Unknown},
  title =        {Packet Telemetry, {B}lue {B}ook},
  institution =  {Consultative Committee for Space Data Systems},
  year =         2000,
  month =        {November},
  note =         {CCSDS 102.0-B-5, {\tt
                  http://www.ccsds.org/documents/102x0b5.pdf}}
}

@TechReport{ccsds:timecodeformats,
  author =       {Unknown},
  title =        {Time Code Formats, {B}lue {B}ook},
  institution =  {Consultative Committee for Space Data Systems},
  year =         2002,
  month =        {January},
  note =         {CCSDS 301.0-B-3, {\tt
                  http://www.ccsds.org/documents/301x0b3.pdf}}
}

@TechReport{ccsds:tmchannelcoding,
  author =       {Unknown},
  title =        {Telemetry Channel Coding, {B}lue {Book}},
  institution =  {Consultative Committee for Space Data Systems},
  year =         2002,
  month =        {October},
  note =         {CCSDS 101.0-B-6, {\tt
                  http://www.ccsds.org/documents/101x0b6.pdf}}
}

@TechReport{ccsds:tmconcept,
  author =       {Unknown},
  title =        {Telemetry Summary of Concept and Rationale, {G}reen
                  {Book}},
  institution =  {Consultative Committee for Space Data Systems},
  year =         1987,
  month =        {December},
  note =         {CCSDS 100.0-G-1, {\tt
                  http://www.ccsds.org/documents/100x0g1.pdf}}
}

@TechReport{compressoracle10g,
  author =       { Oracle },
  title =        { Data Compression in 10g },
  institution =  { Oracle Corporation },
  year =         2005,
  month =        {May},
  url =          {http://www.oracle.com/technology/products/bi/db/10g/pdf/twp_data_compression_10gr2_0505.pdf},
}

@TechReport{compressoracle11g,
  author =       { Oracle },
  title =        { Data Compression in 11g },
  institution =  { Oracle Corporation },
  year =         2007,
  month =        {May},
  url =          {http://download.oracle.com/docs/cd/B28359_01/server.111/b28318/schema.htm#CNCPT1132},
}

@TechReport{conf:casjobs,
institution = {Microsoft},
note = {Microsoft Technical Report MSR TR 2005 19},
author = {{OMullane}, W. and {Li}, N. and {Nieto-Santisteban}, M. and
          {Szalay}, A. and {Thakar}, A. and {Gray}, J.},
 title = "{Batch is back: CasJobs, serving multi-TB data on the Web}",
journal = {eprint arXiv:cs/0502072},
eprint = {cs/0502072},
keywords = {Computer Science - Distributed, Parallel, and Cluster Computing, Computer Science - Databases},
  year = 2005,
 month = feb,
adsurl = {http://adsabs.harvard.edu/abs/2005cs........2072O},
adsnote = {Provided by the SAO/NASA Astrophysics Data System}
}

@Inproceedings{conf:monterosa,
  author =       { S.~G.~Ansari and J.~Torra and X.~Luri and
                  F.~Figueras and C.~Jordi and E.~Masana },
  title =        { {Gaia} {Spectroscopy} },
  booktitle =    { {Science} and {Technology}, {ASP} {Conference}
                  {Series} },
  volume =       { 298 },
  year =         { 2003 },
  month =        { September },
  note =         { page 97 }
}

@inproceedings{doi:10.1117/12.2233380,
   author = {{Kantor}, J. and {Long}, K. and {Becla}, J. and {Economou}, F. and
	{Gelman}, M. and {Juric}, M. and {Lambert}, R. and {Krughoff}, S. and
	{Swinbank}, J.~D. and {Wu}, X.},
    title = "{Agile software development in an earned value world: a survival guide}",
booktitle = {Modeling, Systems Engineering, and Project Management for Astronomy VI},
     year = 2016,
   series = {\procspie},
   volume = 9911,
    month = aug,
      eid = {99110N},
    pages = {99110N},
      doi = {10.1117/12.2233380},
   adsurl = {http://adsabs.harvard.edu/abs/2016SPIE.9911E..0NK},
  adsnote = {Provided by the SAO/NASA Astrophysics Data System}
}

@inproceedings{doi:10.1117/12.2233619,
   author = {{Vagg}, D. and {O'Callaghan}, D. and {O'H{\'o}g{\'a}in}, F. and
	{McBreen}, S. and {Hanlon}, L. and {Lynn}, D. and {O'Mullane}, W.
	},
    title = "{GAVIP: a platform for Gaia data analysis}",
booktitle = {Software and Cyberinfrastructure for Astronomy IV},
     year = 2016,
   series = {\procspie},
   volume = 9913,
archivePrefix = "arXiv",
   eprint = {1605.09287},
 primaryClass = "astro-ph.IM",
    month = jul,
      eid = {99131V},
    pages = {99131V},
      doi = {10.1117/12.2233619},
   adsurl = {http://adsabs.harvard.edu/abs/2016SPIE.9913E..1VV},
  adsnote = {Provided by the SAO/NASA Astrophysics Data System}
}

@TechReport{esa:javastandard,
  author =       {ESA Board for Software Standarisation and Control},
  title =        {Java Coding Standards},
  institution =  {ESA},
  year =         2004,
  url = {http://www.rssd.esa.int/llink/livelink/Java_coding_standards.pdf?func=doc.Fetch&nodeId=504569&docTitle=Java+coding+standards&vernum=1},
}

@TechReport{esa:sogs,
  author =       {D.~Texier},
  title =        {Note on Science Operations Ground Segment
                  Documentation},
  institution =  {ESA},
  year =         2005,
  note =         { SOGS-TN-ESAC-DT-001 }
}

@TechReport{esoc:sgicdvol1,
  author =       {R.~Furnell},
  title =        {{G}aia {S}pace/{G}round {I}nterface {C}ontrol
                  {D}ocument {V}olume 1: {RF} {I}nterface},
  institution =  {ESA/ESOC},
  year =         2005,
  month =        {April},
  note =         {GAIA-ESC-ICD-515}
}

@TechReport{esoc:sgicdvol2,
  author =       {R.~Furnell},
  title =        {{G}aia {S}pace/{G}round {I}nterface {C}ontrol
                  {D}ocument {V}olume 2: {G}eneric {P}acket
                  {S}tructure},
  institution =  {ESA/ESOC},
  year =         2005,
  month =        {April},
  note =         {GAIA-ESC-ICD-516}
}

@PHDTHESIS{crosta03,
  author =       {{Crosta}, M.~T.},
  title =        "{Methods of Relativistic Astrometry for the analysis
                  of astrometric data in the Solar System
                  gravitational field}",
  year =         2003,
  school =       {Universit\`a di Padova},
}

@ARTICLE{eyer1998,
  author =       {{Eyer}, L.},
  title =        "{Les \'etoiles variables de la mission {HIPPARCOS}}",
  journal =      {Ph.D.~Thesis},
  year =         1998,
  adsurl =
                  {http://adsabs.harvard.edu/cgi-bin/nph-bib_query?bibcode=1998PhDT.........8E&db_key=AST},
  adsnote =      {Provided by the Smithsonian/NASA Astrophysics Data
                  System}
}

@TechReport{gaia:AstroFPAGenDesign,
  author =       { Astrium GAIA FPA team },
  title =        { {GAIA} {CCD} and {F}ocal {P}lan {T}echnology
                  {D}emonstrators: {ASTRO} {FPA} {G}eneral {D}esign
                  {Description} },
  institution =  { EADS/Astrium },
  year =         2003,
  month =        {December},
  note =         {GAIAFPA.NT.00120.T.ASTR}
}

@Misc{gaia:DATATAG,
  key =          {DataTag},
  title =        {DataTag, Research \& technological development for a
                  Data TransAtlantic Grid,
                  http://datatag.web.cern.ch/datatag/project.html},
  text =         {DataTag, Research \& technological development for a
                  Data TransAtlantic Grid,
                  http://datatag.web.cern.ch/datatag/project.html},
  url =          {http://datatag.web.cern.ch/datatag/project.html}
}

@Misc{gaia:GRIDFTP,
  key =          {GRIDFTP},
  title =        {Universal Data Transfer for the Grid,
                  http://www-fp.globus.org/datagrid/deliverables/C2WPdraft3.pdf},
  text =         {Universal Data Transfer for the Grid,
                  http://www-fp.globus.org/datagrid/deliverables/C2WPdraft3.pdf},
  year =         2005,
  month =        {September},
  url =
                  {http://www-fp.globus.org/datagrid/deliverables/C2WPdraft3.pdf}
}

@TechReport{gaia:NOSTFITS,
  author =       {{NASA/Science Office of Standards and Technology}},
  title =        {{Definition of the Flexible Image Transport System
                  (FITS)}},
  institution =  {NASA/NOST},
  year =         1995,
  number =       {NOST 100-1.1},
  month =        {September}
}

@Article{gaia:UDTICD,
  author =       {R.~Grossman and Y.~Gu and X.~Hong and A.~Antony and
                  J.~Blom and F.~Dijkstra and C.~de~Laat},
  title =        {Teraflows over Gigabit WANs with UDT},
  journal =      {Future Generation Computer Systems},
  doi =          {10.1016/j.future.2004.10.007},
  year =         2004,
  pages =        501,
  volume =       21,
}

@Misc{gaia:acronyms,
  key =          {Gaia Acronyms},
  note =         {{G}aia {A}cronyms {L}ist},
  url =          {http://www.rssd.esa.int/Ageneral/Projects/GAIA/paramdb/glossary.txt},
}

@TechReport{gaia:astriumdefstudy,
  author =       { EADS Astrium Gaia team },
  title =        { {GAIA} {D}efinition {S}tudy },
  institution =  { EADS/Astrium },
  year =         2005,
  month =        {June},
  note =         {Final Presentation, Noordwijk, June 8, 2005}
}

@TechReport{gaia:astriumreass,
  author =       {Astrium SLTRS project team},
  title =        {{G}aia {S}ystem {L}evel {T}echnical {R}eassessment
                  {S}tudy},
  institution =  {EADS Astrium},
  year =         2002,
  month =        {June},
  note =         {EF5/FR/PC/038.02}
}

@TechReport{gaia:bprpoptimization,
  author =       {C.~Jordi and E.~H{\o}g and A.~G.~A.~Brown and
                  J.~de~Bruijne},
  title =        {Gaia spectrophometers: optimization study},
  year =         2006,
  month =        {April},
  institution =  {ESA},
  note =         {GAIA-CH-TN-UB-CJ-037}
}

@TechReport{gaia:crema,
  author =       {M.~Hechler},
  title =        {{G}AIA {C}onsolidated {R}eport on {M}ission
                  {A}nalysis {(CReMA)}},
  institution =  {ESA, European Space Operations Cenre},
  year =         2006,
  month =        {March},
  note =         {GAIA-ESC-RP-0001, Issue 2.0}
}

@TechReport{gaia:e2vccddesignreport,
  author =       { D.~Burt },
  title =        { Gaia {T}echnology {D}emonstrator: {AF} {CCD}
                  {DESIGN} {REPORT} },
  institution =  { e2v },
  year =         2003,
  month =        {January},
  note =         {GAIA-E2V-RP-020}
}

@Misc{gaia:elevreductcalc,
  author =       {U. Lammers},
  note =         {unpublished results - see also
                  \url{http://www.rssd.esa.int/\-GAIA/\-PoW\_ground\_station\_visibility.html}}
}

@Misc{gaia:elevreductesoc,
  author =       {M. Hechler},
  note =         {ESOC, private communication},
  month =        apr,
  year =         2004,
}

@Misc{gaia:fmphaseangleopt,
  author =       {F. Mignard},
  note =         {Observatoire de la C\^{o}te
                  D'Azur/CERGA, private communication},
  month =        may,
  year =         2004,
}

@InProceedings{gaia:gaiagrid,
  author =       {S.~G.~Ansari and U.~Lammers and M.~ter~Linden },
  title =        {GaiaGrid : Its Implications and Implementation},
  year =         2005,
  booktitle =    {Proc. Astronomical Data Analysis Software and
                  Systems XIV},
  volume =       347,
  pages =        {429--},
  publisher =    {Astronomical Society of the Pacific }
}

@TechReport{gaia:horizon2000,
  author =       {L.~Lindegren and M.~A.~C.~Perryman and U.~Bastian
                  and J.~C.~Dainty and E.~H{\o}g and F.~van~Leeuwen
                  and J.~Kovalevsky and A.~Labeyrie and F.~Mignard and
                  J.~E.~Noordam and R.~S.~Le~Poole and P.~Thejll and
                  F.~Vakili},
  title =        {GAIA: Global Astrometric Interferometer for
                  Astrophysics},
  institution =  {Lund Observatory},
  year =         1993,
  month =        {October},
  note =         {Response to Call for Mission Concepts for Horizon
                  2000 Follow UP: Proposal for an astrometric
                  interferometer as an ESA Cornerstone Mission}
}

@TechReport{gaia:interfero,
  author =       {L.~Lindegren and M.~A.~C.~Perryman},
  title =        {A Small Interferometer in Space for Global
                  Astrometry: the Gaia Concept},
  institution =  {Lund Observatory},
  year =         1994,
  month =        {August},
  note =         {IAU Symp. No 166, Astronomical and Astrophysical
                  Objectives of sub-milliarcsecon Optical Astronomy,
                  The Hague, 15--19 August 1994}
}

@Misc{gaia:joscarmepriv,
  author =       {J. de~Bruijne and C. Jordi},
  note =         {private communication},
  year =         2004,
  month =        may,
  url =          {http://gaia.am.ub.es/PWG/common/instrumGAIA2.html},
}

@Misc{gaia:jospriv,
  author =       {J. de~Bruijne},
  note =         {private communication},
  year =         2004,
  month =        may,
}

@Misc{gaia:lattanzipriv,
  author =       {M. Lattanzi and R. Drimmel},
  note =         {private communcation},
  year =         2003,
  month =        oct,
}

@TechReport{gaia:llorbit,
  author =       {F.~Mignard},
  title =        {{C}onsiderations on the orbit of {G}aia for
                  simulations},
  institution =  {Observatoire de la C\^{o}te D'Azur/CERGA},
  year =         2002,
  month =        {March},
  note =         {GAIA-FM-011}
}

@TechReport{gaia:mird,
  author =       { {GAIA} Project Team },
  title =        { {Gaia} {M}ission {I}mplementation {R}equirement
                  {D}ocument },
  year =         2006,
  month =        {May},
  institution =  {ESA},
  note =         {{G}AIA-EST-RQ-00457}
}

@Misc{gaia:nu0opt,
  author =       {U. Lammers},
  note =         {unpublished results},
}

@Misc{gaia:pdbonline,
  key =          {GPD},
  note =         {{G}aia {P}arameter {D}atabase},
  url =          {http://www.rssd.esa.int/Gaia/paramdb},
}

@TechReport{gaia:practscanlaw,
  author =       {F.~Mignard},
  title =        {A practical scanning law for {GAIA} simulations},
  institution =  {CERGA},
  year =         2001,
  month =        {December},
  note =         {GAIA-FM-010}
}

@TechReport{gaia:soderhjelm,
  author =       {S.~Soderhjelm},
  title =        {Theoretical modelling of observational double-star
                  distribution functions.},
  institution =  {ESA},
  year =         2004,
  note =         {DMS-SS-05}
}

@TechReport{gaia:spieconf,
  author =       {L.~Lindegren and M.~A.~C.~Perryman and U.~Bastian
                  and J.~C.~Dainty and E.~H{\o}g and F.~van~Leeuwen
                  and J.~Kovalevsky and A.~Labeyrie and S.\~Loiseau
                  and F.~Mignard and J.~E.~Noordam and R.~S.~Le~Poole
                  and P.~Thejll and F.~Vakili},
  title =        {GAIA: Global Astrometric Interferometer for
                  Astrophysics},
  institution =  {Lund Observatory},
  year =         1994,
  month =        {March},
  note =         {Proc. of Astronomical Telescopes and Instrumentation
                  for the 21st Century. Technical Conference 2200,
                  SPIE Symposium in Kona, 13--18 March 1994}
}

@TechReport{gaia:srd,
  author =       {G.~Colangelo},
  title =        {{G}aia {S}ystem {R}equirements {D}ocument for
                  {T}echnical {A}ssistance \& {D}efinition {P}hase},
  institution =  {ESA},
  year =         2004,
  month =        {March},
  note =         {Gaia-SRC-001, Issue 1.0}
}

@Misc{gaia:ssmobjattribs,
  author =       {F. Arenou and F. Ch\'ereau},
  note =         {private communication}
}

@TechReport{gaia:studyreport,
  author =       {ESA},
  title =        {{GAIA --- {C}omposition, {F}ormation and {E}volution
                  of the {G}alaxy}},
  year =         2000,
  month =        {July},
  institution =  {ESA},
  note =         {Concept and Technology Study Report, ESA-SCI(2000)4}
}

@TechReport{gaia:surveycom,
  author =       {L.~Lindegren and M.~A.~C.~Perryman},
  title =        {GAIA: Global Astrometric Interferometer for
                  Astrophysics},
  institution =  {Lund Observatory},
  year =         1994,
  month =        {September},
  note =         {Supplementary Information Submitted to the
                  Horizon2000+ Survey Committee}
}

@TechReport{gaia:toolbox,
  author =       {F.~De~Angeli},
  title =        {The {G}aia {S}oftware {T}oolbox - {U}ser guide},
  institution =  {IoA},
  year =         2005,
  url =          {http://www.rssd.esa.int/SA-general/Projects/GAIA/wiki/index.php?title=CU1:_GaiaTools},
}

@TechReport{gaia:ttcanal,
  author =       { M.~Martinez Fernandez },
  title =        { {G}aia {TT\&C} {S}ubsystem {A}nalysis },
  year =         2005,
  month =        {January},
  institution =  {ESA},
  note =         { Note prepared at request of Project team}
}

@misc{gdaas:algoicd,
  author =       {S.~Ansari and J.~Torra and P.~P.~L\'opez and X.~Luri
                  and I.~Serraller and Y.~Balague},
  title =        {{A}lgorithm {I}nterface {C}ontrol {D}ocument},
  institution =  {Confiuration Control Board},
  note =         {CCB-GDAAS-ICD-001}
}

@misc{gdaas:algoprep,
  author =       {C.~Fabricius and J.~Torra},
  title =        {{GDAAS} {A}lgorithm {P}reparation {G}uidelines},
  institution =  {GDAAS Configuration Conrol Board},
  note =         {CCB-GDAAS-002}
}

@TechReport{gdaas:giscalib,
  author =       {H.~Lenhardt},
  title =        {{GIS} implementation in {GDAAS2}: {D}etailed
                  {G}eometrical {C}alibration},
  institution =  {ARI},
  year =         2003,
  month =        {November},
  note =         {GAIA-ARI-HL-001}
}

@TechReport{gdaas:gnucodingstd,
  author =       {R.~Stallman},
  title =        {{GNU} {C}oding {Standards}},
  institution =  {GNU},
  year =         2001,
  month =        {March}
}

% Obsolete use gaia_livelink_valied and \citell{LL:ESA-SCI(2000)4)

@TechReport{gdaas:javacodingstd,
  author =       {P.~P.~L\'opez and X.~Luri and I.~Serraller},
  title =        {{J}ava {C}ode {C}onventions},
  institution =  {GMV/UB},
  year =         2003,
  month =        {March},
  note =         {GMV-GDAAS2-SCG-004}
}

@TechReport{gdaas:prototypepaper,
  author =       {W.~O'Mullane and L.~Lindegren},
  title =        {{A}n {O}bject-{O}riented {F}ramework for {GAIA}
                  {D}ata {P}rocessing},
  institution =  {ESA},
  year =         1999
}

@ARTICLE{gor05,
  author =       {{G{\'o}rski}, K.~M. and {Hivon}, E. and {Banday},
                  A.~J. and {Wandelt}, B.~D. and {Hansen}, F.~K. and
                  {Reinecke}, M. and {Bartelmann}, M.},
  title =        {HEALPix: A Framework for High-Resolution
                  Discretization and Fast A nalysis of Data
                  Distributed on the Sphere},
  journal =      {\apj},
  eprint =       {astro-ph/0409513},
  year =         2005,
  month =        apr,
  volume =       622,
  pages =        {759-771},
  doi =          {10.1086/427976},
  adsurl =
                  {http://cdsads.u-strasbg.fr/cgi-bin/nph-bib_query?bibcode=2005ApJ...
                  622..759G&db_key=AST},
  adsnote =      {Provided by the Smithsonian/NASA Astrophysics Data
                  System}
}

@TechReport{greenplum:adminguide41,
  author =       {EMC},
  title =        { Greenplum Database 4.1 Administrator Guide },
  institution =  { EMC Corporation },
  year =         2011,
  url =          {http://www.greenplum.com/community/downloads/documentation/},
}

%----------------------------------------------------------------------------
%  CU6
%----------------------------------------------------------------------------

@TechReport{greenplum:installguide41,
  author =       {EMC},
  title =        { Greenplum Database 4.1 Installation Guide },
  institution =  { EMC Corporation },
  year =         2011,
  url =          {http://www.greenplum.com/community/downloads/documentation/},
}

@InProceedings{hamilton1843,
  author =       {W.~R.~Hamilton },
  title =        {On a new Species of Imaginary Quantities connected
                  with a theory of Quaternions},
  year =         1843,
  booktitle =    {Proceedings of the Royal Irish Academy },
  volume =       2,
  pages =        {424-434},
  url =          {http://www.maths.tcd.ie/pub/HistMath/People/Hamilton/Quatern1/Quatern1.html},
}

@InProceedings{hamilton1844,
  author =       {W.~R.~Hamilton },
  title =        {On Quaternions},
  year =         1847,
  booktitle =    {Proceedings of the Royal Irish Academy },
  volume =       3,
  pages =        {1-16},
  url =          {http://www.maths.tcd.ie/pub/HistMath/People/Hamilton/Quatern2/Quatern2.html},
}

@InProceedings{hamilton:onquat,
  author =       {William Rowan Hamilton },
  title =        {ON QUATERNIONS, OR ON A NEW SYSTEM OF IMAGINARIES IN
                  ALGEBRA },
  year =         1844,
  booktitle =    {Proceedings of the Royal Irish Academy },
  volume =       3,
  pages =        {1-16},
  url =          {http://www.maths.tcd.ie/pub/HistMath/People/Hamilton/OnQuat/OnQuat.pdf},
}

@TechReport{herschel:codingstandards,
  author =       {J.~Brumfit},
  title =        {{J}ava {C}oding {S}tandard and {G}uidelines for the
                  {H}erschel {C}ommon {S}cience {S}ystem},
  institution =  {ESTEC},
  year =         2002,
  month =        {October},
  note =         {HSCDT/TN009}
}

@InProceedings{hipparcos:history,
  author =       {E.~H{\o}g and P.~L.~Bernacca and L.~Emiliani},
  title =        {Early Phases of the Hipparcos Project},
  year =         1997,
  booktitle =    {Proc.\ of Hipparcos Venice 97},
  editor =       {M.A.C.~Perryman and P.L.~Bernacca},
  pages =        {xxvii--xxxv}
}

@TechReport{hipparcos:threestep,
  author =       {L.~Lindegren},
  title =        {A three-step procedure for deriving positions,
                  proper motions, and parallaxes of stars observed by
                  scanning great circles },
  institution =  {Lund Observatory},
  year =         1976,
  month =        {October},
  note =         {Lund Observatory Technical note}
}



%----------------------------------------------------------------------------
%  WWW
%----------------------------------------------------------------------------

@TechReport{intersystems:chartingthegalaxy,
  author =       { O'Mullane W., Nagjee V. },
  title =        { Charting the Galaxy with the Gaia Satellite and
                  InterSystems Cach\'{e} },
  institution =  { InterSystems and DPAC },
  year =         2010,
  url =          {http://www.intersystems.com/cache/whitepapers/charting_the_galaxy.html},
}

@ARTICLE{it:agile,
  author =       {C. Larman and V. R. Basili},
  journal =      {Computer},
  title =        "{Iterative and Incremental Developments: A Brief History}",
  year =         2003,
  volume =       {36},
  number =       {6},
  pages =        {47-56},
  keywords =     {history;software engineering;agile methods;iterative and incremental
                 developments;iterative enhancement;software engineering;software system;
                 Application software;Feedback;Government;History;Iterative methods;Personnel;
                 Programming;Radio access networks;Terminology;Testing},
  doi =          {10.1109/MC.2003.1204375},
  month =        jun,
}

%-----
% CU7 referenced entries start
%-----

@TechReport{it:javapopular,
  author =       {TIOBE Software },
  title =        {TIOBE Programming Community Index },
  year =         2005,
  institution =  {TIOBE},
  url =          {http://www.tiobe.com/tiobe-index},
}

@ARTICLE{moore65,
  author =       {{M}oore, Gordon E.},
  title =        {Cramming more components onto integrated circuits},
  journal =      {Electronics},
  year =         1965,
  pages =        114,
  month =        apr,
  volume =       38
}

@ARTICLE{mpclass:Tholen,
  author =       {D.~J.~Tholen},
  title =        {Asteroid taxonomy from cluster analysis of
                  photometry},
  journal =      {Ph.D.~Thesis},
  year =         1984
}

@Article{mpclass:bus2002a,
  author =       {S.~J.~Bus and R.~P.~Binzel},
  title =        {Phase II of the Small Main-Belt Asteroid
                  Spectroscopic Survey: The Observations},
  journal =      {Icarus},
  volume =       158,
  pages =        {106--145},
  year =         2002
}

@Article{mpclass:warell,
  author =       {J.~Warell and C.-I.~Lagerkvist},
  title =        {Asteroid taxonomy in the Gaia photometric system},
  journal =      {\aap},
  volume =       {submitted},
  year =         2006
}

@InProceedings{munari2000,
  author =       {U.~Munari },
  title =        { The diffuse interstellar band at 8620 √Ö: A good
                  reddening tracer for GAIA},
  year =         2000,
  booktitle =    {Molecules in Space and in the Laboratory,
                  Proceedings of a workshop held 2-5 June 1999 in
                  Carloforte, Cagliari.},
  volume =       67,
  pages =        {179--},
  publisher =    {I. Porceddu, and S. Aiello. Bologna, Italy: Italian
                  Physical Society, Conference Proceedings}
}
%----------------------------------------------------------------------------
%  Oracle
%----------------------------------------------------------------------------

@TechReport{ndac:nullspace,
  author =       { L.~Lindegren },
  title =        { {P}seudosolution and pseudocovariances of
                  least-squares problems with known null space },
  institution =  { Lund Observatory },
  year =         { 1983 },
  month =        { April },
  note =         { NDAC/LO/018, Hipparcos NDAC }
}

@TechReport{omg:tmtcxml,
  author =       {Unknown},
  title =        {Telemetric and Command Data Specification},
  institution =  {Object Management Group --- Space Domain Task Force},
  year =         2003,
  month =        {March},
  note =         {space/2003-03-04},
  url =          {http://www.omg.org/docs/space/03-03-12.pdf},
}

@INPROCEEDINGS{omu01,
  author =       {{O'Mullane}, W. and {Banday}, A.~J. and
                  {G{\'o}rski}, K.~M. and {Kunszt}, P. and {Szalay},
                  A.~S.},
  title =        {{S}plitting the {S}ky - {HTM} and {HEALP}ix},
  booktitle =    {Mining the Sky},
  year =         2001,
  editor =       {{Banday}, A.~J. and {Zaroubi}, S. and {Bartelmann},
                  M.},
  pages =        {638-+},
  doi =          {10.1007/10849171_84},
  adsurl =
                  {http://cdsads.u-strasbg.fr/cgi-bin/nph-bib_query?bibcode=2001misk.c
                  onf..638O&db_key=AST},
  adsnote =      {Provided by the Smithsonian/NASA Astrophysics Data
                  System}
}

@TechReport{oracle:RAC,
  author =       {Oracle Corporation },
  title =        {Installing Oracle RAC 10g on Linux x86},
  year =         2006,
  institution =  {Oracle},
  month =        {September},
  utl =          {http://www.oracle.com/technology/pub/articles/smiley_rac10g_install.html}
}

@TechReport{oracle:dell,
  author =       {Dell support },
  title =        {Linux Deployment guide },
  year =         2006,
  institution =  {Dell},
  month =        {September},
  note =
                  {http://support.dell.com/support/edocs/software/appora10/lin10g/en/dg/10g21en0.pdf}
}

@article{paper:skyservermining,
  author =       {J.~Gray and A.~S.~Szalay and A.~Thakar and P.~Kunszt
                  and C.~Stoughton and D.~Slutz and J.~Vandenberg},
  title =        {Data {M}ining in the {SDSS} {S}ky{S}erver
                  {D}atabase},
  year =         2003,
  journal =      {Distributed Data and Structures 4: Records of the
                  4th International Meeting, W. Litwin, G.Levy (eds),
                  Paris France March 2002},
}

@article{paper:vodm,
  author =       {J.~McDowell },
  title =        {Data models for the VO},
  year =         2004,
  journal =      {Toward an International Virtual Observatory:
                  Proceedings of the ESO/ESA/NASA/NSF Conference Held
                  at Garching, Germany, 10-14 June 2002, ESO
                  ASTROPHYSICS SYMPOSIA. ISBN 3-540-21001-6},
}

@phdthesis{phd:swb,
  author =       {Brown, S.W.},
  title =        {Characterisation and {M}itigation of {R}adiation
                  {D}amage on the {G}aia {A}strometric {F}ield},
  year =         2010,
  school =       {Institute of {A}stronomy, {U}niversity of
                  {C}ambridge},
  address =      {Madingley Road, Cambridge, CB3 0HA, United Kingdom}
}

@TechReport{planck:dbtestreport,
  author =       {C.~Vuerli and W.~O'Mullane},
  title =        {{DBMS-COTS} test week report},
  institution =  {ESA},
  year =         2000,
  month =        {February},
  note =         {PL-COM-OAT-TN-009}
}

%----------------------------------------------------------------------------
%  IVOA Standards
%----------------------------------------------------------------------------

@TechReport{roemer:proposal,
  author =       {E.~H{\o}g},
  title =        {A new era of global astrometry and photometry from
                  space and ground},
  institution =  {CUO},
  year =         1994,
  month =        {February},
  note =         {Contribution at the G. Colombo Memorial Conference :
                  Ideas for Space Research after the Year 2000.}
}

@TechReport{roemer:submit,
  author =       {U.~Bastian and G.~Gilmore and J.L.~Halbwachs and
                  E.~H{\o}g and J.~Knude and J.~Kovalevsky and
                  A.~Labeyrie and F.~van~Leeuwen and L.~Lindegren and
                  J.~W.~Pel and H.~Schrijver and R.~Stabell and
                  P.~Thejll},
  title =        {ROEMER},
  institution =  {Lund Observatory},
  year =         1993,
  month =        {July},
  note =         {Proposal for a Third Medium Size ESA Mission (M3),
                  Lund 1993}
}

@INPROCEEDINGS{royce70,
  author =       {{R}oyce, Winston},
  title =        {{M}anaging the {D}evelopment of {L}arge {S}oftware
                  {S}ystems},
  booktitle =    {Proceedings of IEEE WESCON },
  year =         1970,
  month =        {August},
  pages =        {1-9},
  url =          {http://www.cs.umd.edu/class/spring2003/cmsc838p/Process/waterfall.pdf},
}

@TechReport{sequel,
  author =       { Chamberlin D., Boyce R. },
  title =        { SEQUL: A Structured English Query Language },
  institution =  { IBM research laboratory},
  year =         1974,
  url =          {http://faculty.cse.tamu.edu/yurttas/PL/DBL/docs/sequel-1974.pdf},
}

@article{shuster93,
  author =       {Malcolm D. Shuster},
  title =        {A survey of attitude representations},
  journal =      {{J}ournal of the astronautical sciences },
  volume =       {41, n.4},
  year =         1993,
  pages =        {439-517}
}

@TechReport{sun:codingstandards,
  author =       {Sun Microsystems},
  title =        {Code Conventions for the Java Programming Language },
  institution =  {Sun},
  publisher =    {Addison Wesley},
  year =         1999,
  month =        {December},
  note =         {http://java.sun.com/docs/codeconv}
}

@TechReport{sun:doccomments,
  author =       {Sun Microsystems},
  title =        {How to write Doc Comments for JavaDoc},
  institution =  {Sun},
  year =         2000,
  note =
                  {http://java.sun.com/products/jdk/javadoc/writingdoccomments/index.html}
}

@TechReport{sun:style,
  author =       {Sun Microsystems},
  title =        {Java Look and Feel Design Guidelines},
  institution =  {Sun},
  year =         1999,
  month =        {October},
  note =         {http://java.sun.com/products/jlf/dg/index.htm}
}

@ARTICLE{tapiador2014,
  author =       {Tapiador, D. and O'Mullane, W. and Browni,
                  A. G. A. and Luri Carrascoso, X. and Huedo, E. and
                  Osuna, P.},
  title =        {A Framework for Building Hypercubes Using MapReduce},
  year =         2014,
  journal =      {Computer Physics Communications},
  volume =       185,
  number =       5,
  doi =          {10.1016/j.cpc.2014.02.010}
}

@InProceedings{terLinden05,
  author =       {M.~ter~Linden and H.~de~Wolf and R.~Grim },
  title =        { GridAssist, a User Friendly Grid-based Workflow
                  Management Tool},
  year =         2005,
  booktitle =    {2005 International Conference on Parallel Processing
                  Workshops (ICPPW'05)},
  volume =       {icppw},
  pages =        {5-10},
  publisher =    {IEEE Computer Society},
  doi =          {10.1109/ICPPW.2005.37},
}

@misc{www:linpack,
  key =          {LINPACK},
  note =         { Linpack standard numerical benchmark},
  url =          {http://www.top500.org/lists/linpack.php},
}

@LiveLink{LL:SATSCMP,
   author = {I.~Leon},
   title={SCIENCE ARCHIVE - SOFTWARE CONFIGURATION MANAGEMENT PLAN (SCMP)},
   institution={European Space Astronomy Centre, Villafranca, Madrid},
   year={2009},
   month = nov,
   url={http://www.rssd.esa.int/llink/livelink/fetch/-415780/495310/1051419/Sw_Conf_Mng_Plan_v2-0.pdf?nodeid=2942288&vernum=-2},
   note={},
   livelinknumber={SAT\_GEN\_PL\_2.0\_01\_SCMP\_05112009},
   livelinkshortnumber={{SATSCMP}}
}

@LiveLink{LL:SATMP,
   author = {P.~Osuna},
   title={Science Archives and VO Team (SAT) Management Plan},
   institution={European Space Astronomy Centre, Villafranca, Madrid},
   year={2011},
   month=may,
   url={http://www.rssd.esa.int/llink/livelink/fetch/-415780/2741092/SAT_GEN_PL_3.0_06_MP_30May2011.pdf?nodeid=3120171&vernum=-2},
   note={},
   livelinknumber={SAT\_GEN\_PL\_3.0\_06\_MP\_30\_May\_2011},
   livelinkshortnumber={{SATMP}}
}

@LiveLink{LL:ESA/SPC(2009)6,
	author = {ESA},
	title={Licensing of Data Processing Software for the Science Programme},
	institution={},
	year={2009},
	month=jan,
	url={},
	livelinknumber={ESA/SPC(2009)6},
	livelinkshortnumber={{ESA/SPC(2009)6}}
}

@LiveLink{IVOAMOC,
	author = {Thomas Boch and Tom Donaldson and Daniel Durand and Pierre Fernique and Wil O'Mullane and Martin Reinecke and Mark Taylor
       	},
	title={MOC - HEALPix Multi-Order Coverage map Version 1.0},
	institution={},
	year={2014},
	month=jun,
	url={http://www.ivoa.net/documents/MOC/},
	livelinknumber={},
	livelinkshortnumber={{IVOAMOC}}
}

@misc{www:top500,
  key =          {TOP500},
  note =         {{TOP500} {S}upercomputer {S}ites},
  url =          {http://www.top500.org},
}

@inproceedings{Wang:2011:QDS:2063348.2063364,
  author =       {Wang, Daniel L. and Monkewitz, Serge M. and Lim,
                  Kian-Tat and Becla, Jacek},
  title =        {Qserv: A Distributed Shared-nothing Database for the
                  LSST Catalog},
  booktitle =    {State of the Practice Reports},
  series =       {SC '11},
  year =         2011,
  isbn =         {978-1-4503-1139-7},
  location =     {Seattle, Washington},
  pages =        {12:1--12:11},
  articleno =    12,
  numpages =     11,
  doi =          {10.1145/2063348.2063364},
  acmid =        2063364,
  publisher =    {ACM},
  address =      {New York, NY, USA},
  keywords =     {MPP, database, distributed, file system, parallel,
                  shared-nothing},
}

@article{zucker:1994,
author = {{Zucker}, S. and {Mazeh}, T.},
 title = "{Study of spectroscopic binaries with TODCOR. 1: A new two-dimensional correlation algorithm to derive the radial velocities of the two components}",
journal = {\apj},
keywords = {Algorithms, Binary Stars, Cross Correlation, Radial Velocity, Two Dimensional Models, Doppler Effect, Fast Fourier Transformations},
  year = 1994,
 month = jan,
volume = 420,
 pages = {806-810},
   doi = {10.1086/173605},
adsurl = {http://adsabs.harvard.edu/abs/1994ApJ...420..806Z},
adsnote = {Provided by the SAO/NASA Astrophysics Data System}
}

@article{zucker:2004,
author = {{Zucker}, S. and {Mazeh}, T. and {Santos}, N.~C. and {Udry}, S. and
{Mayor}, M.},
 title = "{Multi-order TODCOR: Application to observations taken with the CORALIE echelle spectrograph. II. A planet in the system <ASTROBJ>HD 41004</ASTROBJ>}",
journal = {\aap},
keywords = {methods: data analysis, techniques: radial velocities, stars: binaries: spectroscopic, stars: individual: HD 41004, stars: low-mass, brown dwarfs},
  year = 2004,
 month = nov,
volume = 426,
 pages = {695-698},
   doi = {10.1051/0004-6361:20040384},
adsurl = {http://adsabs.harvard.edu/abs/2004A\%26A...426..695Z},
adsnote = {Provided by the SAO/NASA Astrophysics Data System}
}

@misc{Kaiser04,
  author = {Kaiser, N.},
  title = {Addition of Images with Varying Seeing},
  year = {2004},
  url = {http://spider.ipac.caltech.edu/staff/fmasci/home/astro_refs/PanStars_Coadder.pdf},
  note = {Pan-STARRS Document Control, PSDC-002-011-xx}
}

@misc{c1962method,
  title = {Method and means for recognizing complex patterns},
  author = {Paul V. C. Hough},
  url = {https://www.google.com/patents/US3069654},
  year = {1962},
  publisher = {Google Patents},
  note = {US Patent 3,069,654}
}

@misc{GaiaSpecs,
  author = {{The Gaia Team}},
  title = "{Science Performance of the Gaia Mission}",
  url = {https://www.cosmos.esa.int/web/gaia/science-performance},
}

@Misc{Rucio,
  key = {Rucio},
  title = "{Rucio Distributed Data Management Documentation}",
  url =   {http://rucio.cern.ch/}
}

@Misc{GlobusTransfer,
  author = {Globus},
  title = "{Globus Transfer API Documentation}",
  url =   {https://docs.globus.org/api/transfer/}
}

@Misc{GPFS,
  key = {GPFS},
  title = "{IBM Spectrum Scale}",
  url =   {https://www.ibm.com/us-en/marketplace/scale-out-file-and-object-storage}
}

@Misc{HPSS,
  key = {HPSS},
  title = "{HPSS -- High Performance Storage Systems}",
  url =   {http://hpss-collaboration.org/}
}

@Misc{AmazonGlacier,
  author = {Amazon},
  title = "{Amazon Glacier -- Cloud Archive}",
  url =   {https://aws.amazon.com/glacier/}
}

@Misc{CampaignStorage,
  key = {Campaign Storage},
  title = "{Campaign Storage}",
  url =   {http://campaignstorage.com/}
}

@Misc{Quobyte,
  key = {Quobyte},
  title = "{Quobyte -- Data Center File System}",
  url =   {https://www.quobyte.com/}
}

@Misc{MariaDB,
  key = {MariaDB},
  title = "{MariaDB -- Enterprise Open Source Database \& Data Warehouse}",
  url =   {https://mariadb.com/}
}

@Misc{Oracle,
  author = {Oracle},
  title = "{Oracle -- Database 12c}",
  url =   {https://www.oracle.com/database/index.html}
}

@Misc{SQLServer,
  author = {Microsoft},
  title = "{Microsoft -- SQL Server 2016}",
  url =   {https://www.microsoft.com/en-us/sql-server/sql-server-2016}
}

@Misc{YAML,
  key = {YAML},
  title = "{The Official YAML Web Site}",
  url =   {http://yaml.org/}
}

@Misc{log4cxx,
  author = {Apache Logging Services Project},
  title = "{Apache log4cxx}",
  url =   {https://logging.apache.org/log4cxx/latest_stable/}
}

@Misc{RabbitMQ,
  key = {RabbitMQ},
  title = "{RabbitMQ -- Messaging that just works}",
  url =   {https://www.rabbitmq.com/}
}

@Misc{MPI,
  key = {MPI},
  title = "{MPI Documents}",
  url =   {http://mpi-forum.org/docs/}
}

@Misc{mpi4py,
  key = {MPI4PY},
  title = "{MPI for Python}",
  url =   {http://mpi4py.readthedocs.io/en/stable/}
}

@Misc{OpenMP,
  key = {OpenMP},
  title = "{OpenMP}",
  url =   {http://www.openmp.org/}
}

@Misc{Pegasus,
  key = {Pegasus},
  title = "{Pegasus WMS}",
  url =   {https://pegasus.isi.edu/}
}

@Misc{HTCondor,
  key = {HTCondor},
  title = "{HTCondor}",
  url =   {https://research.cs.wisc.edu/htcondor/index.html}
}

@article{Dean:2008:MSD:1327452.1327492,
  author = {Dean, Jeffrey and Ghemawat, Sanjay},
  title = {MapReduce: Simplified Data Processing on Large Clusters},
  journal = {Commun. ACM},
  issue_date = {January 2008},
  volume = {51},
  number = {1},
  month = jan,
  year = {2008},
  issn = {0001-0782},
  pages = {107--113},
  numpages = {7},
  doi = {10.1145/1327452.1327492},
  acmid = {1327492},
  publisher = {ACM},
  address = {New York, NY, USA},
}

@article{Chang:2008:BDS:1365815.1365816,
  author = {Chang, Fay and Dean, Jeffrey and Ghemawat, Sanjay and Hsieh, Wilson C. and
            Wallach, Deborah A. and Burrows, Mike and Chandra, Tushar and
            Fikes, Andrew and Gruber, Robert E.},
  title = {Bigtable: A Distributed Storage System for Structured Data},
  journal = {ACM Trans. Comput. Syst.},
  issue_date = {June 2008},
  volume = {26},
  number = {2},
  month = jun,
  year = {2008},
  issn = {0734-2071},
  pages = {4:1--4:26},
  articleno = {4},
  numpages = {26},
  doi = {10.1145/1365815.1365816},
  acmid = {1365816},
  publisher = {ACM},
  address = {New York, NY, USA},
  keywords = {Large-Scale Distributed Storage},
}

@inproceedings{Burrows:2006:CLS:1298455.1298487,
  author = {Burrows, Mike},
  title = {The Chubby Lock Service for Loosely-coupled Distributed Systems},
  booktitle = {Proceedings of the 7th Symposium on Operating Systems Design and Implementation},
  series = {OSDI '06},
  year = {2006},
  isbn = {1-931971-47-1},
  location = {Seattle, Washington},
  pages = {335--350},
  numpages = {16},
  url = {http://dl.acm.org/citation.cfm?id=1298455.1298487},
  acmid = {1298487},
  publisher = {USENIX Association},
  address = {Berkeley, CA, USA},
}

@article{Pike:2005:SP:962135,
  author = {Rob Pike and Sean Dorward and Robert Griesemer and Sean Quinlan},
  title = {Interpreting the Data: Parallel Analysis with Sawzall},
  journal = {Scientific Programming},
  pages = 277,
  volume = 13,
  year = 2005,
  doi = {10.1155/2005/962135},
}

@article{Melnik:2010:DIA:1920841.1920886,
  author = {Melnik, Sergey and Gubarev, Andrey and Long, Jing Jing and
            Romer, Geoffrey and Shivakumar, Shiva and Tolton, Matt and Vassilakis, Theo},
  title = {Dremel: Interactive Analysis of Web-scale Datasets},
  journal = {Proc. VLDB Endow.},
  issue_date = {September 2010},
  volume = {3},
  number = {1-2},
  month = sep,
  year = {2010},
  issn = {2150-8097},
  pages = {330--339},
  numpages = {10},
  doi = {10.14778/1920841.1920886},
  acmid = {1920886},
  publisher = {VLDB Endowment},
}

@Inproceedings{Waas:2009:97836420342207,
  author = "Waas, Florian M.",
  editor = "Castellanos, Malu and Dayal, Umesh and Sellis, Timos",
  title = "Beyond Conventional Data Warehousing --- Massively Parallel Data Processing with Greenplum Database",
  bookTitle = "Business Intelligence for the Real-Time Enterprise: Second International Workshop, BIRTE 2008, Auckland, New Zealand, August 24, 2008, Revised Selected Papers",
  year = "2009",
  publisher = "Springer Berlin Heidelberg",
  address = "Berlin, Heidelberg",
  pages = "89--96",
  abstract = "In this presentation we discuss trends and challenges for data warehousing beyond conventional application areas. In particular, we discuss how a massively parallel system like Greenplum Database can be used for MapReduce-like data processing.",
  isbn = "978-3-642-03422-0",
  doi = "10.1007/978-3-642-03422-0_7",
  url = {http://www.greenplum.com/resources/},
}

@inproceedings{Isard:2007:DDD:1272996.1273005,
  author = {Isard, Michael and Budiu, Mihai and Yu, Yuan and Birrell, Andrew and
            Fetterly, Dennis},
  title = {Dryad: Distributed Data-parallel Programs from Sequential Building Blocks},
  booktitle = {Proceedings of the 2Nd ACM SIGOPS/EuroSys European Conference on Computer Systems 2007},
  series = {EuroSys '07},
  year = {2007},
  isbn = {978-1-59593-636-3},
  location = {Lisbon, Portugal},
  pages = {59--72},
  numpages = {14},
  doi = {10.1145/1272996.1273005},
  acmid = {1273005},
  publisher = {ACM},
  address = {New York, NY, USA},
  keywords = {cluster computing, concurrency, dataflow, distributed programming},
}

@inproceedings{Chattopadhyay:2011:37200,
    author = {B. Chattopadhyay and Liang Lin and Weiran Liu and Sagar Mittal
              P. Aragonda and V. Lychagina and Younghee Kwon and Michael Wong},
    title = {Tenzing A SQL Implementation On The MapReduce Framework},
    year = 2011,
    booktitle = {Proceedings of VLDB},
    volume = 4,
    pages = {1318--1327},
    url = {https://research.google.com/pubs/pub37200.html},
}

@techreport{Szalay:2008:Graywulf,
  author = {Szalay, Alex S. and Bell, Gordon and Vandenberg, Jad and
            Wonders, Alainna and Burns, Randal and Fay, Dan and Heasley, Jim
            and Hey, Tony and Nieto-SantiSteban, Maria and Thakar, Ani
            and Ingen, Catharine van and Wilton, Richard},
  title = {GrayWulf: Scalable Clustered Architecture for Data Intensive Computing},
  year = {2008},
  month = sep,
  number = {MSR-TR-2008-187},
  institution = {Microsoft},
  url = {https://www.microsoft.com/en-us/research/publication/graywulf-scalable-clustered-architecture-for-data-intensive-computing/},
}

@techreport{Gray:2006:Zones,
  author = {Gray, Jim},
  title = {The Zones Algorithm for Finding Points-Near-a-Point or Cross-Matching Spatial Datasets},
  number = {MSR-TR-2006-52},
  year = {2006},
  month = apr,
  abstract = {Zones index an N-dimensional Euclidian or metric space to efficiently support points-near-a-point queries either within a dataset or between two datasets. The approach uses relational algebra and the B-Tree mechanism found in almost all relational database systems. Hence, the Zones Algorithm gives a portable-relational implementation of points-near-point, spatial cross-match, and self-match queries. This article corrects some mistakes in an earlier article we wrote on the Zones Algorithm and describes some algorithmic improvements. The Appendix includes an implementation of point-near-point, self-match, and cross-match using the USGS city and stream gauge database.
},
  institution = {Microsoft},
  url = {https://www.microsoft.com/en-us/research/publication/the-zones-algorithm-for-finding-points-near-a-point-or-cross-matching-spatial-datasets/},
}

@INPROCEEDINGS{Simmhan:2009:4755781,
  author={Y. Simmhan and R. Barga and C. van Ingen and M. Nieto-Santisteban and L. Dobos and
          N. Li and M. Shipway and A. S. Szalay and S. Werner and J. Heasley},
  booktitle = {2009 42nd Hawaii International Conference on System Sciences},
  title = {GrayWulf: Scalable Software Architecture for Data Intensive Computing},
  year = {2009},
  pages = {1-10},
  keywords = {software architecture;Beowulf clusters;GrayWulf;Pan-STARRS system;cluster infrastructure software;parallel application design;petabyte data sets;Software architecture},
  doi = {10.1109/HICSS.2009.235},
  ISSN = {1530-1605},
  month = jan,
}

@misc{Kirsch:2012,
  author = {Nathan Kirsch},
  title = "{WD Red 3TB NAS Hard Drive Review}",
  url = {http://www.legitreviews.com/article/2092/3/},
  year = 2012,
  month = dec,
}

@inproceedings{Nobari:2013:TIS:2463676.2463700,
  author = {Nobari, Sadegh and Tauheed, Farhan and Heinis, Thomas and Karras, Panagiotis and
            Bressan, St{\'e}phane and Ailamaki, Anastasia},
  title = {TOUCH: In-memory Spatial Join by Hierarchical Data-oriented Partitioning},
  booktitle = {Proceedings of the 2013 ACM SIGMOD International Conference on Management of Data},
  series = {SIGMOD '13},
  year = {2013},
  isbn = {978-1-4503-2037-5},
  location = {New York, New York, USA},
  pages = {701--712},
  numpages = {12},
  doi = {10.1145/2463676.2463700},
  acmid = {2463700},
  publisher = {ACM},
  address = {New York, NY, USA},
  keywords = {indexing, scalable algorithms, spatial joins, touch},
}

@misc{Monash:2009:teradata,
  author = {Curt Monash},
  title = "{Teradata and Netezza are doing MapReduce too}",
  year = 2009,
  month = sep,
  url = {http://www.dbms2.com/2009/09/03/teradata-and-netezza-are-doing-mapreduce-too/},
}

@misc{Monash:2009:ebay,
  author = {Curt Monash},
  title = "{eBay's two enormous data warehouses}",
  year = 2009,
  month = apr,
  url = {http://www.dbms2.com/2009/04/30/ebays-two-enormous-data-warehouses/},
}

@misc{Monash:2010:ebay,
  author = {Curt Monash},
  title = "{eBay followup ‚Äî Greenplum out, Teradata > 10 petabytes, Hadoop has some value, and more}",
  year = 2010,
  month = oct,
  url = {http://www.dbms2.com/2010/10/06/ebay-followup-greenplum-out-teradata-10-petabytes-hadoop-has-some-value-and-more/},
}

@misc{Foley:2011:Zdnet,
  author = {Foley, Mary Jo},
  title = "{Microsoft drops Dryad; puts its big-data bets on Hadoop}",
  year = 2011,
  month = nov,
  url = {http://www.zdnet.com/article/microsoft-drops-dryad-puts-its-big-data-bets-on-hadoop/},
}

@misc{Zicaro:2011:ODBMS,
  author = {Roberto V. Zicari},
  title = "{Objects in Space}",
  year = 2011,
  month = feb,
  url = {http://www.odbms.org/blog/2011/02/objects-in-space/},
}

@misc{Schuman:2004:eWeek,
  author = {Evan Schuman},
  title = "{At Wal-Mart, Worlds Largest Retail Data Warehouse Gets Even Larger}",
  year = 2004,
  month = oct,
  url = {http://www.eweek.com/enterprise-apps/at-wal-mart-worlds-largest-retail-data-warehouse-gets-even-larger},
}

@misc{Tommaney:2009:MySQLConf,
  author = {Jim Tommaney},
  title = {Calpont: Open Source Columnar Storage Engine for Scalable MySQL},
  year = 2009,
  month = apr,
  url = {https://web.archive.org/web/20090429121116/http://www.mysqlconf.com/mysql2009/public/schedule/detail/8997},
}

@misc{TokuDB:2013:White,
  title = "{TokuDB: Scalable High Performance for MySQL and MariaDB Databases}",
  author = {TokuTek},
  year = 2013,
  month = apr,
  url = {https://web.archive.org/web/20130819012209/http://www.tokutek.com/wp-content/uploads/2013/04/Tokutek-White-Paper.pdf},
}

@misc{Hoff:2008:Skype,
  author = {Todd Hoff},
  title = "{Skype Plans For PostgreSQL To Scale To 1 Billion Users}",
  year = 2008,
  month = apr,
  url = {http://highscalability.com/skype-plans-postgresql-scale-1-billion-users},
}

@misc{DeWitt:2008:MapReduce,
  title = "{MapReduce: A major step backwards}",
  author = {David DeWitt},
  month = jan,
  year = 2008,
  url = {https://web.archive.org/web/20090327050223/http://www.databasecolumn.com/2008/01/mapreduce-a-major-step-back.html},

}

@misc{DeWitt:2008:MapReduceII,
  title = "{MapReduce II}",
  author = {David DeWitt},
  month = jan,
  year = 2008,
  url = {https://web.archive.org/web/20090326224219/http://www.databasecolumn.com:80/2008/01/mapreduce-continued.html},
}

@misc{Intersystems:2008:Globals,
  author = {Intersystems},
  title = "{Using Cache Globals}",
  url = {http://docs.intersystems.com/documentation/cache/20082/pdfs/GGBL.pdf},
  year = 2008,
  month = oct,
}

@misc{Peschka:2010:HBase,
  author = {Jeremiah Peschka},
  title = {Facebook Messaging - HBase Comes of Age},
  month = nov,
  year = 2010,
  url = {https://web.archive.org/web/20110215081418/http://nosqlpedia.com/wiki/Facebook_Messaging_-_HBase_Comes_of_Age},
}

@misc{Ulin:2013:Percona,
  author = {Tomas Ulin},
  url = {https://www.youtube.com/watch?v=OpHTV59I1gs},
  title = "{Driving MySQL Innovation}",
  year = 2013,
  month = apr,
  howpublished = {Percona Live: MySQL Conference and Expo},
}

@article{Dorigo:2005:XRootd,
  author = {A. Dorigo and P. Elmer and F. Furano and A. Hanushevsky},
  title = "{XROOTD - A Highly scalable architecture for data access}",
  journal = "WSEAS Transactions on Computers",
  volume = 4,
  pages = 348,
  year = 2005,
  month = apr,
  url = {http://xrootd.org/presentations/xpaper3_cut_journal.pdf},
}

@ARTICLE{Thain:2005:Condor,
  author = "Douglas Thain and Todd Tannenbaum and Miron Livny",
  url = {https://research.cs.wisc.edu/htcondor/doc/condor-practice.pdf},
  title = "Distributed computing in practice: the Condor experience.",
  journal = "Concurrency - Practice and Experience",
  volume = 17,
  number = "2-4",
  year = 2005,
  pages = "323-356",
}

@ARTICLE{Deelman:2015:Pegasus,
  author = {Ewa Deelman and Karan Vahi and Gideon Juve and Mats Rynge and Scott Callaghan and Philip J Maechling and Rajiv Mayani and Weiwei Chen and Ferreira da Silva, Rafael and Miron Livny and Kent Wenger},
  url = {http://pegasus.isi.edu/publications/2014/2014-fgcs-deelman.pdf},
  title = {Pegasus: a Workflow Management System for Science Automation},
  journal = {Future Generation Computer Systems},
  volume = 46,
  pages = {17-35},
  year = 2015,
  note = {Funding Acknowledgements: NSF ACI SDCI 0722019, NSF ACI SI2-SSI 1148515 and NSF OCI-1053575},
  doi = {10.1016/j.future.2014.10.008}
}

@INPROCEEDINGS{VanderPlas:6382200,
  author = {J. VanderPlas and A. J. Connolly and {\v Z}. {Ivezi{\'c}} and A. Gray},
  booktitle = {2012 Conference on Intelligent Data Understanding},
  title = {Introduction to astroML: Machine learning for astrophysics},
  year = 2012,
  pages = {47-54},
  doi = {10.1109/CIDU.2012.6382200},
  month = oct,
}

@INPROCEEDINGS{Coster:2014:ION,
  author = {A. Coster and V. Pankratius and F. Lind and P. Erickson and J. Semeter},
  title = "{The Mahali Space Weather Project: Advancing GNSS Ionospheric Science}",
  year = 2014,
  pages = {1213-1221},
  month = sep,
  booktitle = {Proceedings of the 27th International Technical Meeting of
               The Satellite Division of the Institute of Navigation (ION GNSS+ 2014)},
  url = {https://www.ion.org/publications/abstract.cfm?articleID=12273},
}

@ARTICLE{Pankratius:7515118,
  author={V. Pankratius and J. Li and M. Gowanlock and D. M. Blair and C. Rude
          and T. Herring and F. Lind and P. J. Erickson and C. Lonsdale},
  journal = {IEEE Intelligent Systems},
  title = {Computer-Aided Discovery: Toward Scientific Insight Generation with Machine Support},
  year = 2016,
  volume = {31},
  number = {4},
  pages = {3-10},
  doi = {10.1109/MIS.2016.60},
  ISSN = {1541-1672},
  month = jul,
}

@Misc{Dyke:2009:Madison,
  author = {Paul Dyke},
  title = "{Microsoft SQL Server Project code-named 'Madison'}",
  year = 2009,
  howpublished = {PASS Summit Unite},
  url = {http://wiki.esi.ac.uk/w/files/5/5c/Dyke-Details_of_Project_Madison-1.pdf},
}

@inproceedings{DBLP:conf/cidr/BeclaW05,
  author    = {Jacek Becla and
               Daniel L. Wang},
  title     = {Lessons Learned from Managing a Petabyte},
  booktitle = {{CIDR} 2005, Second Biennial Conference on Innovative Data Systems
               Research, Asilomar, CA, USA, January 4-7, 2005, Online Proceedings},
  pages     = {70--83},
  year      = {2005},
  url       = {http://cidrdb.org/cidr2005/papers/P06.pdf},
  timestamp = {Thu, 29 Jun 2017 19:21:39 +0200},
  biburl    = {http://dblp.dagstuhl.de/rec/bib/conf/cidr/BeclaW05},
  bibsource = {dblp computer science bibliography, http://dblp.org}
}

@inproceedings{Stonebraker:2005:CCD:1083592.1083658,
  author = {Stonebraker, Mike and Abadi, Daniel J. and Batkin, Adam and Chen, Xuedong and
            Cherniack, Mitch and Ferreira, Miguel and Lau, Edmond and Lin, Amerson and
            Madden, Sam and O'Neil, Elizabeth and O'Neil, Pat and Rasin, Alex and
            Tran, Nga and Zdonik, Stan},
  title = {C-store: A Column-oriented DBMS},
  booktitle = {Proceedings of the 31st International Conference on Very Large Data Bases},
  series = {VLDB '05},
  year = {2005},
  isbn = {1-59593-154-6},
  location = {Trondheim, Norway},
  pages = {553--564},
  numpages = {12},
  url = {http://dl.acm.org/citation.cfm?id=1083592.1083658},
  acmid = {1083658},
  publisher = {VLDB Endowment},
}

@INPROCEEDINGS{Ivanova:2007:4274958,
  author = {M. Ivanova and N. Nes and R. Goncalves and M. Kersten},
  booktitle = {19th International Conference on Scientific and Statistical Database
               Management (SSDBM 2007)},
  title = "{MonetDB/SQL Meets SkyServer: the Challenges of a Scientific Database}",
  year= 2007,
  pages= 13,
  keywords = {SQL;database management systems;MonetDB/SQL;SkyServer;open source database system;reference platform;scientific database;sloan digital sky survey;zoom-in/zoom-out access patterns;Astronomy;Data mining;Database systems;Kernel;Logic;Object oriented databases;Pattern analysis;Performance analysis;Prototypes;Spatial databases},
  doi = {10.1109/SSDBM.2007.19},
  ISSN = {1551-6393},
  month = jul,
}

@article{DBLP:journals/debu/IdreosGNMMK12,
  author    = {Stratos Idreos and
               Fabian Groffen and
               Niels Nes and
               Stefan Manegold and
               K. Sjoerd Mullender and
               Martin L. Kersten},
  title     = {MonetDB: Two Decades of Research in Column-oriented Database Architectures},
  journal   = {{IEEE} Data Eng. Bull.},
  volume    = {35},
  number    = {1},
  pages     = {40--45},
  year      = {2012},
  url       = {http://sites.computer.org/debull/A12mar/monetdb.pdf},
  timestamp = {Tue, 17 Apr 2012 13:08:58 +0200},
  biburl    = {http://dblp.uni-trier.de/rec/bib/journals/debu/IdreosGNMMK12},
  bibsource = {dblp computer science bibliography, http://dblp.org}
}

@inproceedings{Pavlo:2009:CAL:1559845.1559865,
  author = {Pavlo, Andrew and Paulson, Erik and Rasin, Alexander and Abadi, Daniel J. and
           DeWitt, David J. and Madden, Samuel and Stonebraker, Michael},
  title = {A Comparison of Approaches to Large-scale Data Analysis},
  booktitle = {Proceedings of the 2009 ACM SIGMOD International Conference on Management
               of  Data},
  series = {SIGMOD '09},
  year = {2009},
  isbn = {978-1-60558-551-2},
  location = {Providence, Rhode Island, USA},
  pages = {165--178},
  numpages = {14},
  url = {http://doi.acm.org/10.1145/1559845.1559865},
  doi = {10.1145/1559845.1559865},
  acmid = {1559865},
  publisher = {ACM},
  address = {New York, NY, USA},
  keywords = {benchmarks, mapreduce, parallel database},
}

@article{Hohenkerk1985,
	abstract = {The bending of a light ray as it passes through the atmosphere is cal- culated by numerical evaluation of the refraction integral, expressed in a form that avoids numerical difficulties at a zenith angle of 90 ‚ó¶ . A polytropic model atmosphere is used, and the parameters of the model are varied in order to determine the effect on the computed refraction value. Good agreement is obtained with other evaluations of refraction for zenith angles up to 75 ‚ó¶ . Beyond that it becomes sen- sitive to the values of the parameters used, particularly the pressure, temperature, temperature lapse rate, and wavelength of the light ray. Good agreement is obtained with other evaluations provided the same parameter values are used.},
	author = {Hohenkerk, C.Y. and Sinclair, A.T.},
  journal = {NAO Technical Note},
	volume = {63},
	title = {The computation of angular atmospheric refraction at large zenith angles},
	year = {1985},
  url = {http://astro.ukho.gov.uk/data/tn/naotn63.pdf},
}

@article{soton271449,
  volume = {27},
  number = {6},
  month = {June},
  author = {Luc Moreau and Ben Clifford and Juliana Freire and Joe Futrelle and Yolanda Gil and Paul Groth and Natalia Kwasnikowska and Simon Miles and Paolo Missier and Jim Myers and Beth Plale and Yogesh Simmhan and Eric Stephan and Jan Van den Bussche},
  title = {The Open Provenance Model core specification (v1.1)},
  journal = {Future Generation Computer Systems},
  pages = {743--756},
  year = {2011},
  keywords = {provenance, representation, inter-operability},
  url = {https://eprints.soton.ac.uk/271449/},
  abstract = {The Open Provenance Model is a model of provenance that is designed to meet the following requirements: (1) To allow provenance information to be exchanged between systems, by means of a compatibility layer based on a shared provenance model. (2) To allow developers to build and share tools that operate on such a provenance model. (3) To define provenance in a precise, technology-agnostic manner. (4) To support a digital representation of provenance for any 'thing', whether produced by computer systems or not. (5) To allow multiple levels of description to coexist. (6) To define a core set of rules that identify the valid inferences that can be made on provenance representation. This document contains the specification of the Open Provenance Model (v1.1) resulting from a community-effort to achieve inter-operability in the Provenance Challenge series.}
}

@article{JSSv059i10,
   author = {Hadley Wickham},
   title = {Tidy Data},
   journal = {Journal of Statistical Software, Articles},
   volume = {59},
   number = {10},
   year = {2014},
   keywords = {},
   abstract = {A huge amount of effort is spent cleaning data to get it ready for analysis, but there has been little research on how to make data cleaning as easy and effective as possible. This paper tackles a small, but important, component of data cleaning: data tidying. Tidy datasets are easy to manipulate, model and visualize, and have a specific structure: each variable is a column, each observation is a row, and each type of observational unit is a table. This framework makes it easy to tidy messy datasets because only a small set of tools are needed to deal with a wide range of un-tidy datasets. This structure also makes it easier to develop tidy tools for data analysis, tools that both input and output tidy datasets. The advantages of a consistent data structure and matching tools are demonstrated with a case study free from mundane data manipulation chores.},
   issn = {1548-7660},
   pages = {1--23},
   doi = {10.18637/jss.v059.i10},
   url = {https://www.jstatsoft.org/v059/i10}
}

@article{doi:10.1002/2013JD020914,
   author = {Ziemke, J. R. and Olsen, M. A. and Witte, J. C. and Douglass, A. R. and Strahan, S. E. and Wargan, K. and Liu, X. and Schoeberl, M. R. and Yang, K. and Kaplan, T. B. and Pawson, S. and Duncan, B. N. and Newman, P. A. and Bhartia, P. K. and Heney, M. K.},
   title = {Assessment and applications of NASA ozone data products derived from Aura OMI/MLS satellite measurements in context of the GMI chemical transport model},
   journal = {Journal of Geophysical Research: Atmospheres},
   volume = {119},
   number = {9},
   pages = {5671--5699},
   keywords = {ozone},
   doi = {10.1002/2013JD020914},
   url = {https://agupubs.onlinelibrary.wiley.com/doi/abs/10.1002/2013JD020914},
   eprint = {https://agupubs.onlinelibrary.wiley.com/doi/pdf/10.1002/2013JD020914},
   abstract = {AbstractMeasurements from the Ozone Monitoring Instrument (OMI) and Microwave Limb Sounder (MLS), both on board the Aura spacecraft, have been used to produce daily global maps of column and profile ozone since August 2004. Here we compare and evaluate three strategies to obtain daily maps of tropospheric and stratospheric ozone from OMI and MLS measurements: trajectory mapping, direct profile retrieval, and data assimilation. Evaluation is based on an assessment that includes validation using ozonesondes and comparisons with the Global Modeling Initiative (GMI) chemical transport model. We investigate applications of the three ozone data products from near-decadal and interannual time scales to day-to-day case studies. Interannual changes in zonal mean tropospheric ozone from all of the products in any latitude range are of the order 1‚Äì2 Dobson units while changes (increases) over the 8 year Aura record investigated vary by 2‚Äì4 Dobson units. It is demonstrated that all of the ozone products can measure and monitor exceptional tropospheric ozone events including major forest fire and pollution transport events. Stratospheric ozone during the Aura record has several anomalous interannual events including split stratospheric warmings in the Northern Hemisphere extratropics that are well captured using the data assimilation ozone profile product. Data assimilation with continuous daily global coverage and vertical ozone profile information is the best of the three strategies at generating a global tropospheric and stratospheric ozone product for science applications.}
}

@article{doi:10.1175/JCLI-D-16-0609.1,
  author = {Randles, C. A. and da Silva, A. M. and Buchard, V. and Colarco, P. R. and Darmenov, A. and Govindaraju, R. and Smirnov, A. and Holben, B. and Ferrare, R. and Hair, J. and Shinozuka, Y. and Flynn, C. J.},
   title = {The MERRA-2 Aerosol Reanalysis, 1980 Onward. Part I: System Description and Data Assimilation Evaluation},
 journal = {Journal of Climate},
  volume = {30},
  number = {17},
   pages = {6823--6850},
    year = {2017},
     doi = {10.1175/JCLI-D-16-0609.1},
     URL = {https://doi.org/10.1175/JCLI-D-16-0609.1},
  eprint = {https://doi.org/10.1175/JCLI-D-16-0609.1}
}




@INPROCEEDINGS{bbcp,
    author = {Andrew Hanushevsky and Artem Trunov and Les Cottrell},
    title = {Peer-to-Peer Computing for Secure High Performance Data Copying},
    booktitle = {In Proc. of the 2001 Int. Conf. on Computing in High Energy and Nuclear Physics (CHEP 2001), Beijng},
    year = {2001},
    url  = {http://citeseerx.ist.psu.edu/viewdoc/download?doi=10.1.1.132.2288&rep=rep1}
}

@article{abell2009lsst,
  title={LSST Science Book, Version 2.0},
  author={Abell, P.~A. and Allison, J. and Anderson, S.~F. and Andrew, J.~R. and Angel, J.~R.~P. and Armus, L. and Arnett, D. and Asztalos, S.~J. and Axelrod, T.~S. and Bailey, S and others},
  archivePrefix = "arXiv",
  eprint = {0912.0201},
  year={2009}
}

@ARTICLE{nist800-60,
  author =       {Kevin Stine and  Rich Kissel and William C. Barker and Jim Fahlsing and  Jessica Gulick},
  title =        {Volume I: Guide for Mapping Types of Information and Information Systems to Security Categories },
  journal =      {INFORMATION SECURITY},
  publisher =    {National Institute of Standards and Technology Special Publications},
  year =         {2008},
  month =        {aug},
  volume =       {31},
  handle =       {NIST.800-60},
  URL=           {https://nvlpubs.nist.gov/nistpubs/Legacy/SP/nistspecialpublication800-60v1r1.pdf}
}

@ARTICLE{osn,
author = {N{\'u}\~{n}ez-Corrales, Santiago and Cragin, Melissa and White (Wonders), Alainna and Norman, Michael and Kickpatrick, Christine and Mchenry, Kenton and Ahalt, Stanley and Shanley, Lea and Goodhue, John and Simmel, Derek and Szalay, Alex},
year = {2018},
month = {11},
pages = {},
title = {Open Storage Network: national data storage cyberinfrastructure for the 21st},
doi = {10.13140/RG.2.2.31543.78249}
}

@MISC{NIST.SP.800-171,
publisher  = {National Institute of Standards and Technology },
author = {RON ROSS and PATRICK VISCUSO and GARY GUISSANIE and KELLEY DEMPSEY and MARK RIDDLE},
title = {Special Publication 800-171, Protecting Controlled Unclassified Information in Nonfederal Systems and Organizations},
month  = {feb},
year = {2020},
handle = {NIST.SP.800-171},
url = {https://nvlpubs.nist.gov/nistpubs/SpecialPublications/NIST.SP.800-171r2.pdf}

}

@MISC{FIPS200,
publisher = {National Institute of Standards and Technology Federal Information Processing Standards},
author = {Computer Security Division},
title = {Publication 200, Minimum Security Requirements for Federal Information and Information Systems},
month  = {mar},
year = {2006},
handle = {NIST.FIPS.200},
url = {https://doi.org/10.6028/NIST.FIPS.200}
}


